{1:F01XXXXXXXXXXXX0000000000}{2:O9400000000000BARCGB22XXXX00000000000000000000N}{3:}{4:
:20:20200713
:25:20325300029904
:28C:40195/1
:60F:C200713GBP1280244,39
:61:2007130713DP1,97FTFR*XXXX*XXX XXX
:86:900/00XXX*XXXX*XXX XXXX        XXX 0000           
/00XXX
:62F:C200713GBP1280242,42
:64:C200713GBP1280242,42
-}{5:}
{1:F01XXXXXXXXXXXX0000000000}{2:O9400000000000BARCGB22XXXX00000000000000000000N}{3:}{4:
:20:20200713
:25:20325300225460
:28C:40195/1
:60F:C200713GBP3273,38
:62F:C200713GBP3273,38
:64:C200713GBP3273,38
-}{5:}
{1:F01XXXXXXXXXXXX0000000000}{2:O9400000000000BARCGB22XXXX00000000000000000000N}{3:}{4:
:20:20200713
:25:20325300575690
:28C:40195/1
:60F:C200713GBP1852544,40
:62F:C200713GBP1852544,40
:64:C200713GBP1852544,40
-}{5:}
{1:F01XXXXXXXXXXXX0000000000}{2:O9400000000000BARCGB22XXXX00000000000000000000N}{3:}{4:
:20:20200713
:25:20325300606693
:28C:40195/1
:60F:D200713GBP1624520,21
:61:2007130713DP35265,18FTFRTXXXXXXX XXXXXXX
:86:900/00XXXXXXXXXXXXXXX XXXXX    XXXXX000000000     
/00XXX
:61:2007130713DP24148,14FTFRPXX0000000
:86:900/00XXXXXXXXXX0000000*XXX    000000000          
/00XXX
:61:2007130713DP103,41FTFR*XXXX*XXX XXXX
:86:900/00XXX*XXXX*XXX XXXX        XXX 0000           
/00XXX
:61:2007130713CP7600,00FREMNXXXXX
:86:900/00XXX00XXXXXX XXXXX XXX    000000             
/00XXX
:61:2007130713CP6256,96FREMNXXXXX
:86:900/00XXX00XXXXXX XXXXX XXX    000000             
/00XXX
:61:2007130713DP1086,07FTFRPXX0000000
:86:900/00XXXXXXXXXX0000000*XXX    000000000          
/00XXX
:61:2007130713CP3277,69FREMNXXXXX
:86:900/00XXX00XXXXXX XXXXX XXX    000000             
/00XXX
:62F:D200713GBP1667988,36
:64:D200713GBP1667988,36
-}{5:}
{1:F01XXXXXXXXXXXX0000000000}{2:O9400000000000BARCGB22XXXX00000000000000000000N}{3:}{4:
:20:20200713
:25:20325300712442
:28C:40195/1
:60F:C200713GBP3552574,70
:61:2007130713CP23610,00FFPCCXXXXX XXXXXXXX 
:86:900/00XXXXXX XX XXXXXXX        XXXXXX XXXXXXXX XX 
/00XXXXXXX: 00-00-00 00000000
:61:2007130713CP17992,02FFPCDXXX 0000
:86:900/00XXXXXXXXXXX XXXXXXX X    XXXX 0000          
/00XXXXXXX: 00-00-00 00000000
:61:2007130713CP16173,96FFPCB+X 00.00.00
:86:900/00XXXXXXXX XXX XX0 XX      X+X 00.00.00       
/00XXXXXXX: 00-00-00 00000000
:61:2007130713CP9661,42FFPCTXX XXXXXX XXXXX
:86:900/00XXXXXX XXXXXXXX XXXXX    XXX XXXXXX XXXXX   
/00XXXXXXX: 00-00-00 00000000
:61:2007130713CP8920,66FFPCTXXXXXXX XXXXXX
:86:900/00XXXXX XXXXXXX XXXXXXX    XXXXXXXX XXXXXX    
/00XXXXXXX: 00-00-00 00000000
:61:2007130713CP7187,20FFPCMXXXXXXXXX XXXXX
:86:900/00XXXXXXXXXXXXX XXXXXX     XXXXXXXXXX XXXXXX  
/00XXXXXXX: 00-00-00 00000000
:61:2007130713DP51,02FTFR*XXXX*XXX XXXX
:86:900/00XXX*XXXX*XXX XXXX        XXX 0000           
/00XXX
:61:2007130713DP165943,56FTFRPXX0000000
:86:900/00XXXXXXXXXX0000000*XXX    000000000          
/00XXX
:61:2007130713DP98675,10FFP FXXX XXXXXXX
:86:900/00XXXX00000000000000      XXXX XXXXXXX       X
/00X
:61:2007130713CP120600,00FTFRHXX XXXX XX XXXX
:86:900/00XXXX000XXX XXXX XX XX    XXXXX000000000     
/00XXX
:61:2007130713CP100500,00FTFRHXX XXXX XX XXXX
:86:900/00XXXX000XXX XXXX XX XX    XXXXX000000000     
/00XXX
:61:2007130713CP65500,00FREMNXXXXX
:86:900/00XXXXXXXX XXXXX X X       000000             
/00XXX
:61:2007130713CP40150,00FREMNXXXXX
:86:900/00XXXXXXXX XXXXX X X       000000             
/00XXX
:61:2007130713CP20500,00FREMNXXXXX
:86:900/00XXXXXXXX XXXXX X X       000000             
/00XXX
:61:2007130713CP11825,25FBGCBXXX
:86:900/00XXXXX XXXXXXXXXX                       XXXX 
/00XXXXXXX: 00-00-00 00000000
:61:2007130713CP165943,56FFPCRXXXXXXX
:86:900/00XXXXXXXXXXXX X XXX X/    XXXXXXXX           
/00XXXXXXX: 00-00-00 00000000
:61:2007130713CP98675,10FRETNX XXX
:86:900/00XXXXX XXXXXXX XXX        XX XXX             
/00XXXXXXXXXX XXXXXXXX:     XXXXXX XXX XXXXXXXXX  XXXX: 00-00-00 
/0000000000
:61:2007130713CP60102,00FFPCMXXXXXXXXXX 0000
:86:900/00XXXXXXXXX                XXXXXXXXXXX 0000   
/00XXXXXXX: 00-00-00 00000000
:61:2007130713CP39091,65FFPCFX XXXXXX
:86:900/00XXXXXXXXXXX XXXXXXX      XX XXXXXX          
/00XXXXXXX: 00-00-00 00000000
:61:2007130713CP25000,00FFPCTXXXXXXX XXXXXX
:86:900/00XXXXX XXXXXXX XXXXXXX    XXXXXXXX XXXXXX    
/00XXXXXXX: 00-00-00 00000000
:61:2007130713CP25000,00FFPCTXXXXXXX XXXXXX
:86:900/00XXXXX XXXXXXX XXXXXXX    XXXXXXXX XXXXXX    
/00XXXXXXX: 00-00-00 00000000
:61:2007130713CP25000,00FFPCTXXXXXXX XXXXXX
:86:900/00XXXXX XXXXXXX XXXXXXX    XXXXXXXX XXXXXX    
/00XXXXXXX: 00-00-00 00000000
:62F:C200713GBP4169337,84
:64:C200713GBP4169337,84
-}{5:}
{1:F01XXXXXXXXXXXX0000000000}{2:O9400000000000BARCGB22XXXX00000000000000000000N}{3:}{4:
:20:20200713
:25:203253/03385949
:28C:40195/1
:60F:C200713GBP4292,45
:62F:C200713GBP4292,45
:64:C200713GBP4292,45
-}{5:}
{1:F01XXXXXXXXXXXX0000000000}{2:O9400000000000BARCGB22XXXX00000000000000000000N}{3:}{4:
:20:20200713
:25:203253/03866963
:28C:40195/1
:60F:C200713GBP16389,29
:61:2007130713DP16,29FTFR*XXXX*XXX XXXX
:86:900/00XXX*XXXX*XXX XXXX        XXX 0000           
/00XXX
:62F:C200713GBP16373,00
:64:C200713GBP16373,00
-}{5:}
{1:F01XXXXXXXXXXXX0000000000}{2:O9400000000000BARCGB22XXXX00000000000000000000N}{3:}{4:
:20:20200713
:25:20325310362352
:28C:40195/1
:60F:C200713GBP1280916,69
:61:2007130713DP1793,40FTFRPXX0000000
:86:900/00XXXXXXXXXX0000000*XXX    000000000          
/00XXX
:61:2007130713DP1,52FTFR*XXXX*XXX XXXX
:86:900/00XXX*XXXX*XXX XXXX        XXX 0000           
/00XXX
:62F:C200713GBP1279121,77
:64:C200713GBP1279121,77
-}{5:}
{1:F01XXXXXXXXXXXX0000000000}{2:O9400000000000BARCGB22XXXX00000000000000000000N}{3:}{4:
:20:20200713
:25:20325310362352
:28C:40195/2
:60F:C200713GBP1280916,69
:61:2007130713DP1793,40FTFRPXX0000000
:86:900/00XXXXXXXXXX0000000*XXX    000000000          
/00XXX
:61:2007130713DP1,52FTFR*XXXX*XXX XXXX
:86:900/00XXX*XXXX*XXX XXXX        XXX 0000           
/00XXX
:62F:C200713GBP1279121,77
:64:C200713GBP1279121,77
-}{5:}
{1:F01XXXXXXXXXXXX0000000000}{2:O9400000000000BARCGB22XXXX00000000000000000000N}{3:}{4:
:20:20200713
:25:20325310362352
:28C:40195/3
:60F:C200713GBP1280916,69
:61:2007130713DP1793,40FTFRPXX0000000
:86:900/00XXXXXXXXXX0000000*XXX    000000000          
/00XXX
:61:2007130713DP1,52FTFR*XXXX*XXX XXXX
:86:900/00XXX*XXXX*XXX XXXX        XXX 0000           
/00XXX
:62F:C200713GBP1279121,77
:64:C200713GBP1279121,77
-}{5:}
{1:F01XXXXXXXXXXXX0000000000}{2:O9400000000000BARCGB22XXXX00000000000000000000N}{3:}{4:
:20:20200713
:25:20325310362352
:28C:40195/4
:60F:C200713GBP1280916,69
:61:2007130713DP1793,40FTFRPXX0000000
:86:900/00XXXXXXXXXX0000000*XXX    000000000          
/00XXX
:61:2007130713DP1,52FTFR*XXXX*XXX XXXX
:86:900/00XXX*XXXX*XXX XXXX        XXX 0000           
/00XXX
:62F:C200713GBP1279121,77
:64:C200713GBP1279121,77
-}{5:}
{1:F01XXXXXXXXXXXX0000000000}{2:O9400000000000BARCGB22XXXX00000000000000000000N}{3:}{4:
:20:20200713
:25:20325310791741
:28C:40195/1
:60F:D200713GBP1484127,58
:61:2007130713DP44,90FTFR*XXXX*XXX XXXX
:86:900/00XXX*XXXX*XXX XXXX        XXX 0000           
/00XXX
:62F:D200713GBP1484172,48
:64:D200713GBP1484172,48
-}{5:}
{1:F01XXXXXXXXXXXX0000000000}{2:O9400000000000BARCGB22XXXX00000000000000000000N}{3:}{4:
:20:20200713
:25:20325310925349
:28C:40195/1
:60F:D200713GBP19051007,07
:61:2007130713DP356775,53FTFRSXXXXX XXXXXX XX
:86:900/00XXXXXXXXXXXXX XXXXXX     XXXXX000000000     
/00XXX
:61:2007130713DP752,40FDDR000000000
:86:900/00XXXXXX XXXX              000000000          
/00XXX
:61:2007130713DP864,76FDDRBXXX
:86:900/00XXXXXXX XXXXXXX XX                     XXXX 
/00XXX
:61:2007130713DP556,08FTFR*XXXX*XXX XXXX
:86:900/00XXX*XXXX*XXX XXXX        XXX 0000           
/00XXX
:61:2007130713DP768210,70FDDRBXXX
:86:900/00XXXXXXX XXXXXXX XX                     XXXX 
/00XXX
:61:2007130713DP449089,48FTFRUXXX0000000
:86:900/00XXXXXXXXXXX0000000*XX    X000000000         
/00XXX
:61:2007130713DP3088,74FDDRBXXX
:86:900/00XXXXXXX XXXXXXXX XXX                   XXXX 
/00XXX
:62F:D200713GBP20630344,76
:64:D200713GBP20630344,76
-}{5:}
{1:F01XXXXXXXXXXXX0000000000}{2:O9400000000000BARCGB22XXXX00000000000000000000N}{3:}{4:
:20:20200713
:25:203253/13040674
:28C:40195/1
:60F:D200713GBP138811,91
:62F:D200713GBP138811,91
:64:D200713GBP138811,91
-}{5:}
{1:F01XXXXXXXXXXXX0000000000}{2:O9400000000000BARCGB22XXXX00000000000000000000N}{3:}{4:
:20:20200713
:25:20325320424218
:28C:40195/1
:60F:C200713GBP0,00
:62F:C200713GBP0,00
:64:C200713GBP0,00
-}{5:}
{1:F01XXXXXXXXXXXX0000000000}{2:O9400000000000BARCGB22XXXX00000000000000000000N}{3:}{4:
:20:20200713
:25:203253/23609294
:28C:40195/1
:60F:D200713GBP958992,39
:61:2007130713DP68,75FTFR*XXXX*XXX XXXX
:86:900/00XXX*XXXX*XXX XXXX        XXX 0000           
/00XXX
:62F:D200713GBP959061,14
:64:D200713GBP959061,14
-}{5:}
{1:F01XXXXXXXXXXXX0000000000}{2:O9400000000000BARCGB22XXXX00000000000000000000N}{3:}{4:
:20:20200713
:25:203253/23648656
:28C:40195/1
:60F:C200713GBP623056,65
:61:2007130713DP4709,51FTFRMXX0000-0
:86:900/00XXXXXXXXXX0000-0*XXX0    00000000           
/00XXX
:61:2007130713DP8,50FTFR10000000
:86:900/00XXXXXXXXXX0000-0*XXX0    00000000           
/00XXX
:62F:C200713GBP618338,64
:64:C200713GBP618338,64
-}{5:}
{1:F01XXXXXXXXXXXX0000000000}{2:O9400000000000BARCGB22XXXX00000000000000000000N}{3:}{4:
:20:20200713
:25:203253/23727971
:28C:40195/1
:60F:C200713GBP41239,08
:62F:C200713GBP41239,08
:64:C200713GBP41239,08
-}{5:}
{1:F01XXXXXXXXXXXX0000000000}{2:O9400000000000BARCGB22XXXX00000000000000000000N}{3:}{4:
:20:20200713
:25:20325330972800
:28C:40195/1
:60F:C200713GBP20345855,73
:61:2007130713DP245,53FADVNXXXXX
:86:900/00XXXXXXX XXXXXXXXX        XXXX00000000       
/00XXX
:61:2007130713DP503,34FADVNXXXXX
:86:900/00XXXXXXX XXXXXXXXX        XXXX0000000        
/00XXX
:61:2007130713DP181,16FTFR*XXXX*XXX XXXX
:86:900/00XXX*XXXX*XXX XXXX        XXX 0000           
/00XXX
:61:2007130713DP1196,96FADVNXXXXX
:86:900/00XXXXXXX XXXXXXXXX        XXXX00000000       
/00XXX
:61:2007130713CP35265,18FTFRTXXXXXXX XX XXX
:86:900/00XXXX000XXXXXXXX XX XX    X XXX000000000     
/00XXX
:61:2007130713DP1214,08FTFRH XXX X XXXXX XX
:86:900/00XXXXXXXX XXX X XXXXX     XXXXX000000000     
/00XXX
:62F:C200713GBP20377779,84
:64:C200713GBP20377779,84
-}{5:}
{1:F01XXXXXXXXXXXX0000000000}{2:O9400000000000BARCGB22XXXX00000000000000000000N}{3:}{4:
:20:20200713
:25:20325333152863
:28C:40195/1
:60F:C200713GBP0,00
:62F:C200713GBP0,00
:64:C200713GBP0,00
-}{5:}
{1:F01XXXXXXXXXXXX0000000000}{2:O9400000000000BARCGB22XXXX00000000000000000000N}{3:}{4:
:20:20200713
:25:203253/33463575
:28C:40195/1
:60F:D200713GBP242776,76
:62F:D200713GBP242776,76
:64:D200713GBP242776,76
-}{5:}
{1:F01XXXXXXXXXXXX0000000000}{2:O9400000000000BARCGB22XXXX00000000000000000000N}{3:}{4:
:20:20200713
:25:20325340274593
:28C:40195/1
:60F:C200713GBP193703,45
:61:2007130713DP15,09FTFR*XXXX*XXX XXXX
:86:900/00XXX*XXXX*XXX XXXX        XXX 0000           
/00XXX
:62F:C200713GBP193688,36
:64:C200713GBP193688,36
-}{5:}
{1:F01XXXXXXXXXXXX0000000000}{2:O9400000000000BARCGB22XXXX00000000000000000000N}{3:}{4:
:20:20200713
:25:20325340872768
:28C:40195/1
:60F:D200713GBP3095075,35
:61:2007130713DP1,67FTFR*XXXX*XXX XXXX
:86:900/00XXX*XXXX*XXX XXXX        XXX 0000           
/00XXX
:62F:D200713GBP3095077,02
:64:D200713GBP3095077,02
-}{5:}
{1:F01XXXXXXXXXXXX0000000000}{2:O9400000000000BARCGB22XXXX00000000000000000000N}{3:}{4:
:20:20200713
:25:203253/42958322
:28C:40195/1
:60F:C200713AUD5493,09
:62F:C200713AUD5493,09
:64:C200713AUD5493,09
-}{5:}
{1:F01XXXXXXXXXXXX0000000000}{2:O9400000000000BARCGB22XXXX00000000000000000000N}{3:}{4:
:20:20200713
:25:203253/42958333
:28C:40195/1
:60F:C200713NOK11969,75
:62F:C200713NOK11969,75
:64:C200713NOK11969,75
-}{5:}
{1:F01XXXXXXXXXXXX0000000000}{2:O9400000000000BARCGB22XXXX00000000000000000000N}{3:}{4:
:20:20200713
:25:203253/43062255
:28C:40195/1
:60F:C200713EUR3005,76
:62F:C200713EUR3005,76
:64:C200713EUR3005,76
-}{5:}
{1:F01XXXXXXXXXXXX0000000000}{2:O9400000000000BARCGB22XXXX00000000000000000000N}{3:}{4:
:20:20200713
:25:203253/43125011
:28C:40195/1
:60F:C200713CZK1551164,37
:62F:C200713CZK1551164,37
:64:C200713CZK1551164,37
-}{5:}
{1:F01XXXXXXXXXXXX0000000000}{2:O9400000000000BARCGB22XXXX00000000000000000000N}{3:}{4:
:20:20200713
:25:203253/43125733
:28C:40195/1
:60F:C200713NZD76810,42
:62F:C200713NZD76810,42
:64:C200713NZD76810,42
-}{5:}
{1:F01XXXXXXXXXXXX0000000000}{2:O9400000000000BARCGB22XXXX00000000000000000000N}{3:}{4:
:20:20200713
:25:203253/43373155
:28C:40195/1
:60F:C200713USD318050,48
:61:2007130713CD2437,40F175TXXXXXXX XXXXXX
:86:900/00000XXXXXX XXXXXXX X000XXXXXXXX XXXXXX XXX000
/00000000
:61:2007130713CD1537763,13F175TXXXXXXX XXXXXXX
:86:900/00000XXXXXX XXXXXXX X000XXXXXXXX XXXXXXXXXX000
/00000000
:61:2007130713DD18,99F160AXXXXXX 000000
:86:900/00000XXXXXXXXXXX 000000 XXX000000000
:61:2007130713CD4992,40F175TXXXXXXX XXXXXX
:86:900/00000XXXXXX XXXXXXX X000XXXXXXXX XXXXXX XXX000
/00000000
:61:2007130713DD18,99F160200000-00000
:86:900/00000XXXX000000-00000 XXX000000000
:61:2007130713CD992,40F175TXXXXXXX XXXXXX
:86:900/00000XXXXXX XXXXXXX X000XXXXXXXX XXXXXX XXX000
/00000000
:61:2007130713DD912638,67F174AXXXXXX 000000
:86:900/00000XXXXXXX XXXXXXX XXXXXXXXXXX 000000 XXX000
/00000000
:61:2007130713DD625132,06F174200000-00000
:86:900/00000XXXXXXX XXXXXXX XXXX000000-00000 XXX00000
/000000
:62F:C200713USD326427,10
:64:C200713USD326427,10
-}{5:}
{1:F01XXXXXXXXXXXX0000000000}{2:O9400000000000BARCGB22XXXX00000000000000000000N}{3:}{4:
:20:20200713
:25:20325343531031
:28C:40195/1
:60F:D200713GBP43335,89
:62F:D200713GBP43335,89
:64:D200713GBP43335,89
-}{5:}
{1:F01XXXXXXXXXXXX0000000000}{2:O9400000000000BARCGB22XXXX00000000000000000000N}{3:}{4:
:20:20200713
:25:20325343543122
:28C:40195/1
:60F:C200713CHF1708,72
:62F:C200713CHF1708,72
:64:C200713CHF1708,72
-}{5:}
{1:F01XXXXXXXXXXXX0000000000}{2:O9400000000000BARCGB22XXXX00000000000000000000N}{3:}{4:
:20:20200713
:25:20325343559297
:28C:40195/1
:60F:D200713GBP2423485,26
:62F:D200713GBP2423485,26
:64:D200713GBP2423485,26
-}{5:}
{1:F01XXXXXXXXXXXX0000000000}{2:O9400000000000BARCGB22XXXX00000000000000000000N}{3:}{4:
:20:20200713
:25:203253/46594688
:28C:40195/1
:60F:C200713CAD1394818,45
:62F:C200713CAD1394818,45
:64:C200713CAD1394818,45
-}{5:}
{1:F01XXXXXXXXXXXX0000000000}{2:O9400000000000BARCGB22XXXX00000000000000000000N}{3:}{4:
:20:20200713
:25:203253/46594700
:28C:40195/1
:60F:C200713USD2036445,91
:62F:C200713USD2036445,91
:64:C200713USD2036445,91
-}{5:}
{1:F01XXXXXXXXXXXX0000000000}{2:O9400000000000BARCGB22XXXX00000000000000000000N}{3:}{4:
:20:20200713
:25:203253/46600855
:28C:40195/1
:60F:C200713EUR54,96
:62F:C200713EUR54,96
:64:C200713EUR54,96
-}{5:}
{1:F01XXXXXXXXXXXX0000000000}{2:O9400000000000BARCGB22XXXX00000000000000000000N}{3:}{4:
:20:20200713
:25:203253/46761366
:28C:40195/1
:60F:C200713NOK25956,69
:62F:C200713NOK25956,69
:64:C200713NOK25956,69
-}{5:}
{1:F01XXXXXXXXXXXX0000000000}{2:O9400000000000BARCGB22XXXX00000000000000000000N}{3:}{4:
:20:20200713
:25:203253/46761377
:28C:40195/1
:60F:C200713SGD11617,17
:62F:C200713SGD11617,17
:64:C200713SGD11617,17
-}{5:}
{1:F01XXXXXXXXXXXX0000000000}{2:O9400000000000BARCGB22XXXX00000000000000000000N}{3:}{4:
:20:20200713
:25:203253/46801922
:28C:40195/1
:60F:C200713EUR37508,67
:61:2007130713DR3870,00F174FXX000000
:86:900/00000XXXXXXX XXXXXXX XXXXXXX000000 XXX00000000
/000
:61:2007130713CR15421,00F1751/XXX XXXXXXXX X
:86:900/00000XXXXXX XXXXXXX X0000/XXX XXXXXXXX XXXX000
/00000000
:61:2007130713CR6376,13F1751/XXX XXXXXXXX X
:86:900/00000XXXXXX XXXXXXX X0000/XXX XXXXXXXX XXXX000
/00000000
:61:2007130713DR16,76F160FXX000000
:86:900/00000XXXXXXX000000 XXX000000000
:61:2007130713DR16,76F160FXX000000
:86:900/00000XXXXXXX000000 XXX000000000
:61:2007130713DR16,76F160FXX000000
:86:900/00000XXXXXXX000000 XXX000000000
:61:2007130713DR4310,00F174FXX000000
:86:900/00000XXXXXXX XXXXXXX XXXXXXX000000 XXX00000000
/000
:61:2007130713DR9660,00F174FXX000000
:86:900/00000XXXXXXX XXXXXXX XXXXXXX000000 XXX00000000
/000
:61:2007130713CR5301,30F1751/XXX XXXXXXXX X
:86:900/00000XXXXXX XXXXXXX X0000/XXX XXXXXXXX XXXX000
/00000000
:62F:C200713EUR46716,82
:64:C200713EUR46716,82
-}{5:}
{1:F01XXXXXXXXXXXX0000000000}{2:O9400000000000BARCGB22XXXX00000000000000000000N}{3:}{4:
:20:20200713
:25:20325347179722
:28C:40195/1
:60F:C200713SEK61105,70
:62F:C200713SEK61105,70
:64:C200713SEK61105,70
-}{5:}
{1:F01XXXXXXXXXXXX0000000000}{2:O9400000000000BARCGB22XXXX00000000000000000000N}{3:}{4:
:20:20200713
:25:203253/52311033
:28C:40195/1
:60F:C200713EUR69476,98
:61:2007130713CR1200,00F175RXX XXXXXXXXXXXX
:86:900/00000XXXXXX XXXXXXX X000XXX XXXXXXXXXXXXXXX000
/00000000
:61:2007130713CR5000,00F175NXXXXXX XXXXXXXX
:86:900/00000XXXXXX XXXXXXX X000XXXXXXX XXXXXXXXXXX000
/00000000
:62F:C200713EUR75676,98
:64:C200713EUR75676,98
-}{5:}
{1:F01XXXXXXXXXXXX0000000000}{2:O9400000000000BARCGB22XXXX00000000000000000000N}{3:}{4:
:20:20200713
:25:203253/52397722
:28C:40195/1
:60F:C200713EUR1223983,03
:61:2007130713DR370000,00F174FXX000000
:86:900/00000XXXXXXX XXXXXXX XXXXXXX000000 XXX00000000
/000
:61:2007130713DR14210,00F174FXX000000
:86:900/00000XXXXXXX XXXXXXX XXXXXXX000000 XXX00000000
/000
:61:2007130713DR280000,00F174FXX000000
:86:900/00000XXXXXXX XXXXXXX XXXXXXX000000 XXX00000000
/000
:61:2007130713DR35954,93F174FXX000000
:86:900/00000XXXXXXX XXXXXXX XXXXXXX000000 XXX00000000
/000
:62F:C200713EUR523818,10
:64:C200713EUR523818,10
-}{5:}
{1:F01XXXXXXXXXXXX0000000000}{2:O9400000000000BARCGB22XXXX00000000000000000000N}{3:}{4:
:20:20200713
:25:203253/52397733
:28C:40195/1
:60F:C200713DKK15204,59
:62F:C200713DKK15204,59
:64:C200713DKK15204,59
-}{5:}
{1:F01XXXXXXXXXXXX0000000000}{2:O9400000000000BARCGB22XXXX00000000000000000000N}{3:}{4:
:20:20200713
:25:203253/52398433
:28C:40195/1
:60F:C200713CHF1447414,39
:62F:C200713CHF1447414,39
:64:C200713CHF1447414,39
-}{5:}
{1:F01XXXXXXXXXXXX0000000000}{2:O9400000000000BARCGB22XXXX00000000000000000000N}{3:}{4:
:20:20200713
:25:203253/52398444
:28C:40195/1
:60F:C200713HKD91355,53
:62F:C200713HKD91355,53
:64:C200713HKD91355,53
-}{5:}
{1:F01XXXXXXXXXXXX0000000000}{2:O9400000000000BARCGB22XXXX00000000000000000000N}{3:}{4:
:20:20200713
:25:203253/52398455
:28C:40195/1
:60F:C200713PLN4620,54
:62F:C200713PLN4620,54
:64:C200713PLN4620,54
-}{5:}
{1:F01XXXXXXXXXXXX0000000000}{2:O9400000000000BARCGB22XXXX00000000000000000000N}{3:}{4:
:20:20200713
:25:203253/52771111
:28C:40195/1
:60F:C200713HUF107163,46
:62F:C200713HUF107163,46
:64:C200713HUF107163,46
-}{5:}
{1:F01XXXXXXXXXXXX0000000000}{2:O9400000000000BARCGB22XXXX00000000000000000000N}{3:}{4:
:20:20200713
:25:203253/52771133
:28C:40195/1
:60F:C200713THB758815,32
:62F:C200713THB758815,32
:64:C200713THB758815,32
-}{5:}
{1:F01XXXXXXXXXXXX0000000000}{2:O9400000000000BARCGB22XXXX00000000000000000000N}{3:}{4:
:20:20200713
:25:20325352815933
:28C:40195/1
:60F:C200713JPY7268,
:62F:C200713JPY7268,
:64:C200713JPY7268,
-}{5:}
{1:F01XXXXXXXXXXXX0000000000}{2:O9400000000000BARCGB22XXXX00000000000000000000N}{3:}{4:
:20:20200713
:25:20325353114546
:28C:40195/1
:60F:C200713GBP0,00
:62F:C200713GBP0,00
:64:C200713GBP0,00
-}{5:}
{1:F01XXXXXXXXXXXX0000000000}{2:O9400000000000BARCGB22XXXX00000000000000000000N}{3:}{4:
:20:20200713
:25:203253/53443663
:28C:40195/1
:60F:C200713GBP756905,43
:62F:C200713GBP756905,43
:64:C200713GBP756905,43
-}{5:}
{1:F01XXXXXXXXXXXX0000000000}{2:O9400000000000BARCGB22XXXX00000000000000000000N}{3:}{4:
:20:20200713
:25:20325353539148
:28C:40195/1
:60F:C200713GBP0,00
:61:2007130713CP600,00FFPCUXX XXXXXXXX
:86:900/00XXXXXXXXXXXX XXXXXX X    XXX XXXXXXXX       
/00XXXXXXX: 00-00-00 00000000
:61:2007130713DP142119,21FTFRNXXXXX
:86:900/00XXXXXXXXXXX      00000000
:61:2007130713CP132507,19FTFRAXXX XXXXXXXX XX
:86:900/00XXXXXXX XXXXXXXX XX*0    00000*             
/00XXX
:61:2007130713CP9012,02FTFRSXX/00.00-00:00
:86:900/00XXXXXX/00.00-00:00 *0    00000*0/XXX XXXXXX 
/00XXX
:62F:C200713GBP0,00
:64:C200713GBP0,00
-}{5:}
{1:F01XXXXXXXXXXXX0000000000}{2:O9400000000000BARCGB22XXXX00000000000000000000N}{3:}{4:
:20:20200713
:25:203253/55442199
:28C:40195/1
:60F:C200713EUR78906,74
:61:2007130713DR234,00F174CXXXX XXXXXXXXX
:86:900/00000XXXXXXX XXXXXXX XXXXXXXXX XXXXXXXXX XXX00
/000000000
:61:2007130713DR3,91F160BX00000000000000
:86:900/00000XXXXXX00000000000000XXX000000000
:62F:C200713EUR78668,83
:64:C200713EUR78668,83
-}{5:}
{1:F01XXXXXXXXXXXX0000000000}{2:O9400000000000BARCGB22XXXX00000000000000000000N}{3:}{4:
:20:20200713
:25:203253/56034088
:28C:40195/1
:60F:C200713HKD279,93
:61:2007130713DD47,82F182NXXXXX
:86:900/00000XXXX XXX XXXX XXX 0000
:62F:C200713HKD232,11
:64:C200713HKD232,11
-}{5:}
{1:F01XXXXXXXXXXXX0000000000}{2:O9400000000000BARCGB22XXXX00000000000000000000N}{3:}{4:
:20:20200713
:25:203253/56034099
:28C:40195/1
:60F:C200713JPY968780,
:62F:C200713JPY968780,
:64:C200713JPY968780,
-}{5:}
{1:F01XXXXXXXXXXXX0000000000}{2:O9400000000000BARCGB22XXXX00000000000000000000N}{3:}{4:
:20:20200713
:25:203253/56034799
:28C:40195/1
:60F:C200713CZK18762,46
:62F:C200713CZK18762,46
:64:C200713CZK18762,46
-}{5:}
{1:F01XXXXXXXXXXXX0000000000}{2:O9400000000000BARCGB22XXXX00000000000000000000N}{3:}{4:
:20:20200713
:25:203253/56034800
:28C:40195/1
:60F:C200713HUF30672395,14
:62F:C200713HUF30672395,14
:64:C200713HUF30672395,14
-}{5:}
{1:F01XXXXXXXXXXXX0000000000}{2:O9400000000000BARCGB22XXXX00000000000000000000N}{3:}{4:
:20:20200713
:25:203253/56034811
:28C:40195/1
:60F:C200713SEK15689,99
:62F:C200713SEK15689,99
:64:C200713SEK15689,99
-}{5:}
{1:F01XXXXXXXXXXXX0000000000}{2:O9400000000000BARCGB22XXXX00000000000000000000N}{3:}{4:
:20:20200713
:25:20325356452300
:28C:40195/1
:60F:C200713NOK2885,66
:62F:C200713NOK2885,66
:64:C200713NOK2885,66
-}{5:}
{1:F01XXXXXXXXXXXX0000000000}{2:O9400000000000BARCGB22XXXX00000000000000000000N}{3:}{4:
:20:20200713
:25:203253/59503777
:28C:40195/1
:60F:C200713SEK12358,76
:62F:C200713SEK12358,76
:64:C200713SEK12358,76
-}{5:}
{1:F01XXXXXXXXXXXX0000000000}{2:O9400000000000BARCGB22XXXX00000000000000000000N}{3:}{4:
:20:20200713
:25:203253/59670444
:28C:40195/1
:60F:C200713ZAR516726,77
:61:2007130713DR4120,20F174FXX000000
:86:900/00000XXXXXXX XXXXXXX XXXXXXX000000 XXX00000000
/000
:62F:C200713ZAR512606,57
:64:C200713ZAR512606,57
-}{5:}
{1:F01XXXXXXXXXXXX0000000000}{2:O9400000000000BARCGB22XXXX00000000000000000000N}{3:}{4:
:20:20200713
:25:203253/59671177
:28C:40195/1
:60F:C200713SGD25840,27
:62F:C200713SGD25840,27
:64:C200713SGD25840,27
-}{5:}
{1:F01XXXXXXXXXXXX0000000000}{2:O9400000000000BARCGB22XXXX00000000000000000000N}{3:}{4:
:20:20200713
:25:203253/59697644
:28C:40195/1
:60F:C200713EUR111621,33
:61:2007130713DR9,50F160MXX0000-0
:86:900/00000XXXXXXX0000-0 XXX000000000
:61:2007130713DR8372,96F174MXX0000-0
:86:900/00000XXXXXXX XXXXXXX XXXXXXX0000-0 XXX00000000
/000
:62F:C200713EUR103238,87
:64:C200713EUR103238,87
-}{5:}
{1:F01XXXXXXXXXXXX0000000000}{2:O9400000000000BARCGB22XXXX00000000000000000000N}{3:}{4:
:20:20200713
:25:203253/59918599
:28C:40195/1
:60F:C200713USD0,00
:62F:C200713USD0,00
:64:C200713USD0,00
-}{5:}
{1:F01XXXXXXXXXXXX0000000000}{2:O9400000000000BARCGB22XXXX00000000000000000000N}{3:}{4:
:20:20200713
:25:20325362088533
:28C:40195/1
:60F:C200713AUD10283,89
:62F:C200713AUD10283,89
:64:C200713AUD10283,89
-}{5:}
{1:F01XXXXXXXXXXXX0000000000}{2:O9400000000000BARCGB22XXXX00000000000000000000N}{3:}{4:
:20:20200713
:25:20325363007359
:28C:40195/1
:60F:D200713GBP2031588,92
:61:2007130713CP200,40FFPCNXXXXX
:86:900/00XXXXXXXX0000000000000 XXXXXXX: 00-00-00 0000
/000000
:61:2007130713CP1524,40FFPCNXXXXX
:86:900/00XXXXXXXX0000000000000 XXXXXXX: 00-00-00 0000
/000000
:61:2007130713DP1,93FTFR*XXXX*XXX XXXX
:86:900/00XXX*XXXX*XXX XXXX        XXX 0000           
/00XXX
:61:2007130713CP2842,04FFPCNXXXXX
:86:900/00XXXXXXXX0000000000000 XXXXXXX: 00-00-00 0000
/000000
:62F:D200713GBP2027024,01
:64:D200713GBP2027024,01
-}{5:}
{1:F01XXXXXXXXXXXX0000000000}{2:O9400000000000BARCGB22XXXX00000000000000000000N}{3:}{4:
:20:20200713
:25:203253/63886174
:28C:40195/1
:60F:C200713GBP0,00
:62F:C200713GBP0,00
:64:C200713GBP0,00
-}{5:}
{1:F01XXXXXXXXXXXX0000000000}{2:O9400000000000BARCGB22XXXX00000000000000000000N}{3:}{4:
:20:20200713
:25:203253/65306800
:28C:40195/1
:60F:C200713AUD167435,95
:61:2007130713DD9,08F160FXX000000
:86:900/00000XXXXXXX000000 XXX000000000
:61:2007130713DD176,01F174FXX000000
:86:900/00000XXXXXXX XXXXXXX XXXXXXX000000 XXX00000000
/000
:62F:C200713AUD167250,86
:64:C200713AUD167250,86
-}{5:}
{1:F01XXXXXXXXXXXX0000000000}{2:O9400000000000BARCGB22XXXX00000000000000000000N}{3:}{4:
:20:20200713
:25:203253/65318833
:28C:40195/1
:60F:C200713ZAR1585097,71
:62F:C200713ZAR1585097,71
:64:C200713ZAR1585097,71
-}{5:}
{1:F01XXXXXXXXXXXX0000000000}{2:O9400000000000BARCGB22XXXX00000000000000000000N}{3:}{4:
:20:20200713
:25:20325365724933
:28C:40195/1
:60F:C200713CZK0,00
:62F:C200713CZK0,00
:64:C200713CZK0,00
-}{5:}
{1:F01XXXXXXXXXXXX0000000000}{2:O9400000000000BARCGB22XXXX00000000000000000000N}{3:}{4:
:20:20200713
:25:203253/68776488
:28C:40195/1
:60F:D200713CHF578405,95
:62F:D200713CHF578405,95
:64:D200713CHF578405,95
-}{5:}
{1:F01XXXXXXXXXXXX0000000000}{2:O9400000000000BARCGB22XXXX00000000000000000000N}{3:}{4:
:20:20200713
:25:203253/68943166
:28C:40195/1
:60F:C200713CHF208244,53
:61:2007130713DF200000,00F174FXX000000
:86:900/00000XXXXXXX XXXXXXX XXXXXXX000000 XXX00000000
/000
:62F:C200713CHF8244,53
:64:C200713CHF8244,53
-}{5:}
{1:F01XXXXXXXXXXXX0000000000}{2:O9400000000000BARCGB22XXXX00000000000000000000N}{3:}{4:
:20:20200713
:25:203253/68943866
:28C:40195/1
:60F:C200713AUD620669,63
:62F:C200713AUD620669,63
:64:C200713AUD620669,63
-}{5:}
{1:F01XXXXXXXXXXXX0000000000}{2:O9400000000000BARCGB22XXXX00000000000000000000N}{3:}{4:
:20:20200713
:25:203253/68943877
:28C:40195/1
:60F:C200713DKK5000,00
:62F:C200713DKK5000,00
:64:C200713DKK5000,00
-}{5:}
{1:F01XXXXXXXXXXXX0000000000}{2:O9400000000000BARCGB22XXXX00000000000000000000N}{3:}{4:
:20:20200713
:25:203253/68943888
:28C:40195/1
:60F:C200713JPY13272375,
:62F:C200713JPY13272375,
:64:C200713JPY13272375,
-}{5:}
{1:F01XXXXXXXXXXXX0000000000}{2:O9400000000000BARCGB22XXXX00000000000000000000N}{3:}{4:
:20:20200713
:25:203253/68943899
:28C:40195/1
:60F:D200713THB246533,20
:62F:D200713THB246533,20
:64:D200713THB246533,20
-}{5:}
{1:F01XXXXXXXXXXXX0000000000}{2:O9400000000000BARCGB22XXXX00000000000000000000N}{3:}{4:
:20:20200713
:25:203253/69316544
:28C:40195/1
:60F:C200713HRK116406,35
:62F:C200713HRK116406,35
:64:C200713HRK116406,35
-}{5:}
{1:F01XXXXXXXXXXXX0000000000}{2:O9400000000000BARCGB22XXXX00000000000000000000N}{3:}{4:
:20:20200713
:25:203253/69316566
:28C:40195/1
:60F:C200713OMR11528,21
:62F:C200713OMR11528,21
:64:C200713OMR11528,21
-}{5:}
{1:F01XXXXXXXXXXXX0000000000}{2:O9400000000000BARCGB22XXXX00000000000000000000N}{3:}{4:
:20:20200713
:25:20325369361544
:28C:40195/1
:60F:C200713USD36586,19
:62F:C200713USD36586,19
:64:C200713USD36586,19
-}{5:}
{1:F01XXXXXXXXXXXX0000000000}{2:O9400000000000BARCGB22XXXX00000000000000000000N}{3:}{4:
:20:20200713
:25:20325370125830
:28C:40195/1
:60F:C200713GBP2453359,25
:62F:C200713GBP2453359,25
:64:C200713GBP2453359,25
-}{5:}
{1:F01XXXXXXXXXXXX0000000000}{2:O9400000000000BARCGB22XXXX00000000000000000000N}{3:}{4:
:20:20200713
:25:203253/73103552
:28C:40195/1
:60F:C200713GBP766,46
:62F:C200713GBP766,46
:64:C200713GBP766,46
-}{5:}
{1:F01XXXXXXXXXXXX0000000000}{2:O9400000000000BARCGB22XXXX00000000000000000000N}{3:}{4:
:20:20200713
:25:20325373386277
:28C:40195/1
:60F:C200713SEK86875,26
:62F:C200713SEK86875,26
:64:C200713SEK86875,26
-}{5:}
{1:F01XXXXXXXXXXXX0000000000}{2:O9400000000000BARCGB22XXXX00000000000000000000N}{3:}{4:
:20:20200713
:25:20325373484564
:28C:40195/1
:60F:C200713GBP3167865,30
:62F:C200713GBP3167865,30
:64:C200713GBP3167865,30
-}{5:}
{1:F01XXXXXXXXXXXX0000000000}{2:O9400000000000BARCGB22XXXX00000000000000000000N}{3:}{4:
:20:20200713
:25:20325373652467
:28C:40195/1
:60F:C200713GBP0,00
:62F:C200713GBP0,00
:64:C200713GBP0,00
-}{5:}
{1:F01XXXXXXXXXXXX0000000000}{2:O9400000000000BARCGB22XXXX00000000000000000000N}{3:}{4:
:20:20200713
:25:203253/74412844
:28C:40195/1
:60F:C200713EUR3355997,62
:61:2007130713CR1290000,00F085NXXXXX
:86:900/00000XXXXXXXX XXXX 00000000
:62F:C200713EUR4645997,62
:64:C200713EUR4645997,62
-}{5:}
{1:F01XXXXXXXXXXXX0000000000}{2:O9400000000000BARCGB22XXXX00000000000000000000N}{3:}{4:
:20:20200713
:25:203253/74579522
:28C:40195/1
:60F:C200713NZD14089,40
:61:2007130713DD100,89F182NXXXXX
:86:900/00000XXXX XXX XXXX XXX 0000
:62F:C200713NZD13988,51
:64:C200713NZD13988,51
-}{5:}
{1:F01XXXXXXXXXXXX0000000000}{2:O9400000000000BARCGB22XXXX00000000000000000000N}{3:}{4:
:20:20200713
:25:203253/74580233
:28C:40195/1
:60F:C200713EUR4571529,01
:61:2007130713DR2001100,00F1743000000
:86:900/00000XXXXXXX XXXXXXX XXXX0000000 XXX000000000
:62F:C200713EUR2570429,01
:64:C200713EUR2570429,01
-}{5:}
{1:F01XXXXXXXXXXXX0000000000}{2:O9400000000000BARCGB22XXXX00000000000000000000N}{3:}{4:
:20:20200713
:25:20325374997888
:28C:40195/1
:60F:C200713SGD7138,67
:62F:C200713SGD7138,67
:64:C200713SGD7138,67
-}{5:}
{1:F01XXXXXXXXXXXX0000000000}{2:O9400000000000BARCGB22XXXX00000000000000000000N}{3:}{4:
:20:20200713
:25:203253/78049200
:28C:40195/1
:60F:C200713HKD7832,95
:62F:C200713HKD7832,95
:64:C200713HKD7832,95
-}{5:}
{1:F01XXXXXXXXXXXX0000000000}{2:O9400000000000BARCGB22XXXX00000000000000000000N}{3:}{4:
:20:20200713
:25:203253/78215888
:28C:40195/1
:60F:C200713CAD309492,75
:61:2007130713DD171,20F182NXXXXX
:86:900/00000XXXX XXX XXXX XXX 0000
:61:2007130713DD644,49F174FXX000000
:86:900/00000XXXXXXX XXXXXXX XXXXXXX000000 XXX00000000
/000
:62F:C200713CAD308677,06
:64:C200713CAD308677,06
-}{5:}
{1:F01XXXXXXXXXXXX0000000000}{2:O9400000000000BARCGB22XXXX00000000000000000000N}{3:}{4:
:20:20200713
:25:203253/78216600
:28C:40195/1
:60F:C200713NOK54089,44
:62F:C200713NOK54089,44
:64:C200713NOK54089,44
-}{5:}
{1:F01XXXXXXXXXXXX0000000000}{2:O9400000000000BARCGB22XXXX00000000000000000000N}{3:}{4:
:20:20200713
:25:203253/78332755
:28C:40195/1
:60F:C200713CZK4180000,18
:61:2007130713DK104,35F160FXX000000
:86:900/00000XXXXXXX000000 XXX000000000
:61:2007130713DK890500,00F174FXX000000
:86:900/00000XXXXXXX XXXXXXX XXXXXXX000000 XXX00000000
/000
:62F:C200713CZK3289395,83
:64:C200713CZK3289395,83
-}{5:}
{1:F01XXXXXXXXXXXX0000000000}{2:O9400000000000BARCGB22XXXX00000000000000000000N}{3:}{4:
:20:20200713
:25:20325378633988
:28C:40195/1
:60F:C200713CAD31959,59
:62F:C200713CAD31959,59
:64:C200713CAD31959,59
-}{5:}
{1:F01XXXXXXXXXXXX0000000000}{2:O9400000000000BARCGB22XXXX00000000000000000000N}{3:}{4:
:20:20200713
:25:20325378634066
:28C:40195/1
:60F:C200713EUR17690,85
:62F:C200713EUR17690,85
:64:C200713EUR17690,85
-}{5:}
{1:F01XXXXXXXXXXXX0000000000}{2:O9400000000000BARCGB22XXXX00000000000000000000N}{3:}{4:
:20:20200713
:25:20325378634077
:28C:40195/1
:60F:C200713HKD1734371,13
:62F:C200713HKD1734371,13
:64:C200713HKD1734371,13
-}{5:}
{1:F01XXXXXXXXXXXX0000000000}{2:O9400000000000BARCGB22XXXX00000000000000000000N}{3:}{4:
:20:20200713
:25:20325380289949
:28C:40195/1
:60F:C200713GBP5244547,74
:61:2007130713DP50000,00FTFRPXX0000000
:86:900/00XXXXXXXXXX0000000*XXX    000000000          
/00XXX
:61:2007130713DP14,06FTFR*XXXX*XXX XXXX
:86:900/00XXX*XXXX*XXX XXXX        XXX 0000           
/00XXX
:61:2007130713DP103238,00FTFRPXX0000000
:86:900/00XXXXXXXXXX0000000*XXX    000000000          
/00XXX
:61:2007130713DP276645,00FTFRPXX0000000
:86:900/00XXXXXXXXXX0000000*XXX    000000000          
/00XXX
:62F:C200713GBP4814650,68
:64:C200713GBP4814650,68
-}{5:}
{1:F01XXXXXXXXXXXX0000000000}{2:O9400000000000BARCGB22XXXX00000000000000000000N}{3:}{4:
:20:20200713
:25:203253/83170195
:28C:40195/1
:60F:D200713GBP5089437,41
:61:2007130713CP50000,00FTFRTXXXXXXX XXXXXXX
:86:900/00XXXX000XXXXXXXX XXXXX    XXXXX000000000     
/00XXX
:61:2007130713CP382263,00FTFRNXXXXX
:86:900/00XXXXXXXXXXXXXXXXXX       XXXX XXXXXXX       
/00XXXXXXX: 00-00-00 00000000
:61:2007130713DP1533111,14FADVNXXXXX
:86:900/00XXXXXXXXXXXXX            XX XXX             
/00XXX
:62F:D200713GBP6190285,55
:64:D200713GBP6190285,55
-}{5:}
{1:F01XXXXXXXXXXXX0000000000}{2:O9400000000000BARCGB22XXXX00000000000000000000N}{3:}{4:
:20:20200713
:25:203253/83685555
:28C:40195/1
:60F:C200713ZAR213682,10
:62F:C200713ZAR213682,10
:64:C200713ZAR213682,10
-}{5:}
{1:F01XXXXXXXXXXXX0000000000}{2:O9400000000000BARCGB22XXXX00000000000000000000N}{3:}{4:
:20:20200713
:25:203253/83685566
:28C:40195/1
:60F:D200713JPY24882875,
:62F:D200713JPY24882875,
:64:D200713JPY24882875,
-}{5:}
{1:F01XXXXXXXXXXXX0000000000}{2:O9400000000000BARCGB22XXXX00000000000000000000N}{3:}{4:
:20:20200713
:25:203253/83852244
:28C:40195/1
:60F:C200713PLN25202,35
:62F:C200713PLN25202,35
:64:C200713PLN25202,35
-}{5:}
{1:F01XXXXXXXXXXXX0000000000}{2:O9400000000000BARCGB22XXXX00000000000000000000N}{3:}{4:
:20:20200713
:25:203253/83852944
:28C:40195/1
:60F:C200713CAD589898,75
:62F:C200713CAD589898,75
:64:C200713CAD589898,75
-}{5:}
{1:F01XXXXXXXXXXXX0000000000}{2:O9400000000000BARCGB22XXXX00000000000000000000N}{3:}{4:
:20:20200713
:25:203253/87513955
:28C:40195/1
:60F:C200713USD50,00
:62F:C200713USD50,00
:64:C200713USD50,00
-}{5:}
{1:F01XXXXXXXXXXXX0000000000}{2:O9400000000000BARCGB22XXXX00000000000000000000N}{3:}{4:
:20:20200713
:25:203253/87861977
:28C:40195/1
:60F:C200713BGN22935,10
:62F:C200713BGN22935,10
:64:C200713BGN22935,10
-}{5:}
{1:F01XXXXXXXXXXXX0000000000}{2:O9400000000000BARCGB22XXXX00000000000000000000N}{3:}{4:
:20:20200713
:25:203253/87861999
:28C:40195/1
:60F:D200713MXN11520,95
:62F:D200713MXN11520,95
:64:D200713MXN11520,95
-}{5:}
{1:F01XXXXXXXXXXXX0000000000}{2:O9400000000000BARCGB22XXXX00000000000000000000N}{3:}{4:
:20:20200713
:25:20325393040941
:28C:40195/1
:60F:C200713GBP0,00
:62F:C200713GBP0,00
:64:C200713GBP0,00
-}{5:}
{1:F01XXXXXXXXXXXX0000000000}{2:O9400000000000BARCGB22XXXX00000000000000000000N}{3:}{4:
:20:20200713
:25:203253/93062473
:28C:40195/1
:60F:C200713GBP67349,99
:62F:C200713GBP67349,99
:64:C200713GBP67349,99
-}{5:}
{1:F01XXXXXXXXXXXX0000000000}{2:O9400000000000BARCGB22XXXX00000000000000000000N}{3:}{4:
:20:20200713
:25:203253/93883191
:28C:40195/1
:60F:C200713GBP10478,75
:62F:C200713GBP10478,75
:64:C200713GBP10478,75
-}{5:}
{1:F01XXXXXXXXXXXX0000000000}{2:O9400000000000BARCGB22XXXX00000000000000000000N}{3:}{4:
:20:20200713
:25:20829403028275
:28C:40195/1
:60F:C200713GBP15881,88
:62F:C200713GBP15881,88
:64:C200713GBP15881,88
-}{5:}
{1:F01XXXXXXXXXXXX0000000000}{2:O9400000000000BARCGB22XXXX00000000000000000000N}{3:}{4:
:20:20200713
:25:20829410903205
:28C:40195/1
:60F:C200713GBP19971,24
:62F:C200713GBP19971,24
:64:C200713GBP19971,24
-}{5:}
{1:F01XXXXXXXXXXXX0000000000}{2:O9400000000000BARCGB22XXXX00000000000000000000N}{3:}{4:
:20:20200713
:25:20829410975567
:28C:40195/1
:60F:C200713GBP8541,28
:61:2007130713DP200,00FADVNXXXXX
:86:900/00XXXXXXXXX XXX            00000000000000     
/00XXX
:62F:C200713GBP8341,28
:64:C200713GBP8341,28
-}{5:}
{1:F01XXXXXXXXXXXX0000000000}{2:O9400000000000BARCGB22XXXX00000000000000000000N}{3:}{4:
:20:20200713
:25:208294/13215458
:28C:40195/1
:60F:C200713GBP246877,02
:61:2007130713DP2179,06FDDRTXXX XXXX
:86:900/00XXXXX00000000000000      XXXX XXXX          
/00XXX
:61:2007130713DP1147,15FDDRTXXX XXXX
:86:900/00XXXXX00000000000000      XXXX XXXX          
/00XXX
:61:2007130713CP4880,00FTFRTXXXXXXX XXXXXX
:86:900/00XXXX000XXXXXXXX XXXXX    X XXX000000000     
/00XXX
:62F:C200713GBP248430,81
:64:C200713GBP248430,81
-}{5:}
{1:F01XXXXXXXXXXXX0000000000}{2:O9400000000000BARCGB22XXXX00000000000000000000N}{3:}{4:
:20:20200713
:25:20589705
:28C:40195/1
:60F:C200713GBP0,00
:61:2007130713CP22036,10FFPCNXXXXX
:86:900/00XXXXXXXX0000000000000 XXXXXXX: 00-00-00 0000
/000000
:61:2007130713CP24367,11FFPCNXXXXX
:86:900/00XXXXXXXX0000000000000 XXXXXXX: 00-00-00 0000
/000000
:61:2007130713DP890179,67FTFRNXXXXX
:86:900/00XXXXXXXXXXX      00000000
:61:2007130713CP43725,68FFPCNXXXXX
:86:900/00XXXXXXXX0000000000000 XXXXXXX: 00-00-00 0000
/000000
:61:2007130713CP50000,00FTFRBXXXXXXXXXX
:86:900/00XXXX000XXXXXXXXXXX*XX    X000000000         
/00XXX
:61:2007130713CP250000,00FTFRBXXXXXXXXXX
:86:900/00XXXX000XXXXXXXXXXX*XX    X000000000         
/00XXX
:61:2007130713CP250000,00FTFRBXXXXXXXXXX
:86:900/00XXXX000XXXXXXXXXXX*XX    X000000000         
/00XXX
:61:2007130713CP250000,00FTFRBXXXXXXXXXX
:86:900/00XXXX000XXXXXXXXXXX*XX    X000000000         
/00XXX
:61:2007130713CP50,78FFPCNXXXXX
:86:900/00XXXXXXXX0000000000000 XXXXXXX: 00-00-00 0000
/000000
:62F:C200713GBP0,00
:64:C200713GBP0,00
-}{5:}
{1:F01XXXXXXXXXXXX0000000000}{2:O9400000000000BARCGB22XXXX00000000000000000000N}{3:}{4:
:20:20200713
:25:20829440683892
:28C:40195/1
:60F:D200713GBP349743,51
:62F:D200713GBP349743,51
:64:D200713GBP349743,51
-}{5:}
{1:F01XXXXXXXXXXXX0000000000}{2:O9400000000000BARCGB22XXXX00000000000000000000N}{3:}{4:
:20:20200713
:25:208294/43074777
:28C:40195/1
:60F:C200713EUR810480,61
:62F:C200713EUR810480,61
:64:C200713EUR810480,61
-}{5:}
{1:F01XXXXXXXXXXXX0000000000}{2:O9400000000000BARCGB22XXXX00000000000000000000N}{3:}{4:
:20:20200713
:25:208294/43288285
:28C:40195/1
:60F:C200713GBP356,17
:62F:C200713GBP356,17
:64:C200713GBP356,17
-}{5:}
{1:F01XXXXXXXXXXXX0000000000}{2:O9400000000000BARCGB22XXXX00000000000000000000N}{3:}{4:
:20:20200713
:25:20301945194355
:28C:40195/1
:60F:C200713AUD4906,77
:62F:C200713AUD4906,77
:64:C200713AUD4906,77
-}{5:}
{1:F01XXXXXXXXXXXX0000000000}{2:O9400000000000BARCGB22XXXX00000000000000000000N}{3:}{4:
:20:20200713
:25:20301945753133
:28C:40195/1
:60F:C200713CHF4673,41
:62F:C200713CHF4673,41
:64:C200713CHF4673,41
-}{5:}
{1:F01XXXXXXXXXXXX0000000000}{2:O9400000000000BARCGB22XXXX00000000000000000000N}{3:}{4:
:20:20200713
:25:20829450912298
:28C:40195/1
:60F:C200713GBP1,00
:62F:C200713GBP1,00
:64:C200713GBP1,00
-}{5:}
{1:F01XXXXXXXXXXXX0000000000}{2:O9400000000000BARCGB22XXXX00000000000000000000N}{3:}{4:
:20:20200713
:25:208294/52343744
:28C:40195/1
:60F:C200713CAD43248,76
:61:2007130713DD6400,00F174PXX0000000
:86:900/00000XXXXXXX XXXXXXX XXXXXXX0000000 XXX0000000
/0000
:62F:C200713CAD36848,76
:64:C200713CAD36848,76
-}{5:}
{1:F01XXXXXXXXXXXX0000000000}{2:O9400000000000BARCGB22XXXX00000000000000000000N}{3:}{4:
:20:20200713
:25:208294/55440600
:28C:40195/1
:60F:C200713HKD3462455,88
:62F:C200713HKD3462455,88
:64:C200713HKD3462455,88
-}{5:}
{1:F01XXXXXXXXXXXX0000000000}{2:O9400000000000BARCGB22XXXX00000000000000000000N}{3:}{4:
:20:20200713
:25:20301956707144
:28C:40195/1
:60F:C200713USD86706,86
:62F:C200713USD86706,86
:64:C200713USD86706,86
-}{5:}
{1:F01XXXXXXXXXXXX0000000000}{2:O9400000000000BARCGB22XXXX00000000000000000000N}{3:}{4:
:20:20200713
:25:20301958117833
:28C:40195/1
:60F:C200713CAD39,28
:62F:C200713CAD39,28
:64:C200713CAD39,28
-}{5:}
{1:F01XXXXXXXXXXXX0000000000}{2:O9400000000000BARCGB22XXXX00000000000000000000N}{3:}{4:
:20:20200713
:25:208294/59076911
:28C:40195/1
:60F:C200713CAD237183,00
:61:2007130713CD6400,00F175TXXXXXXX XXXXXX
:86:900/00000XXXXXX XXXXXXX X000XXXXXXXX XXXXXX XXX000
/00000000
:62F:C200713CAD243583,00
:64:C200713CAD243583,00
-}{5:}
{1:F01XXXXXXXXXXXX0000000000}{2:O9400000000000BARCGB22XXXX00000000000000000000N}{3:}{4:
:20:20200713
:25:20301963660088
:28C:40195/1
:60F:C200713USD2244769,64
:62F:C200713USD2244769,64
:64:C200713USD2244769,64
-}{5:}
{1:F01XXXXXXXXXXXX0000000000}{2:O9400000000000BARCGB22XXXX00000000000000000000N}{3:}{4:
:20:20200713
:25:20301963824699
:28C:40195/1
:60F:D200713ZAR15059,40
:62F:D200713ZAR15059,40
:64:D200713ZAR15059,40
-}{5:}
{1:F01XXXXXXXXXXXX0000000000}{2:O9400000000000BARCGB22XXXX00000000000000000000N}{3:}{4:
:20:20200713
:25:208294/65146133
:28C:40195/1
:60F:C200713NZD140608,50
:62F:C200713NZD140608,50
:64:C200713NZD140608,50
-}{5:}
{1:F01XXXXXXXXXXXX0000000000}{2:O9400000000000BARCGB22XXXX00000000000000000000N}{3:}{4:
:20:20200713
:25:208294/65220944
:28C:40195/1
:60F:C200713EUR4325,73
:62F:C200713EUR4325,73
:64:C200713EUR4325,73
-}{5:}
{1:F01XXXXXXXXXXXX0000000000}{2:O9400000000000BARCGB22XXXX00000000000000000000N}{3:}{4:
:20:20200713
:25:208294/65252822
:28C:40195/1
:60F:C200713CHF16916,42
:62F:C200713CHF16916,42
:64:C200713CHF16916,42
-}{5:}
{1:F01XXXXXXXXXXXX0000000000}{2:O9400000000000BARCGB22XXXX00000000000000000000N}{3:}{4:
:20:20200713
:25:20301965662799
:28C:40195/1
:60F:C200713USD2980546,93
:62F:C200713USD2980546,93
:64:C200713USD2980546,93
-}{5:}
{1:F01XXXXXXXXXXXX0000000000}{2:O9400000000000BARCGB22XXXX00000000000000000000N}{3:}{4:
:20:20200713
:25:208294/68349611
:28C:40195/1
:60F:C200713USD2265705,67
:61:2007130713CD36172,40F175TXXXXXXX XXXXXX
:86:900/00000XXXXXX XXXXXXX X000XXXXXXXX XXXXXX XXX000
/00000000
:62F:C200713USD2301878,07
:64:C200713USD2301878,07
-}{5:}
{1:F01XXXXXXXXXXXX0000000000}{2:O9400000000000BARCGB22XXXX00000000000000000000N}{3:}{4:
:20:20200713
:25:208294/68349677
:28C:40195/1
:60F:C200713EUR142358,41
:61:2007130713CR2650,00F175TXXXXXXX XXXXXX
:86:900/00000XXXXXX XXXXXXX X000XXXXXXXX XXXXXX XXX000
/00000000
:62F:C200713EUR145008,41
:64:C200713EUR145008,41
-}{5:}
{1:F01XXXXXXXXXXXX0000000000}{2:O9400000000000BARCGB22XXXX00000000000000000000N}{3:}{4:
:20:20200713
:25:208294/68722599
:28C:40195/1
:60F:C200713JPY1173621,
:62F:C200713JPY1173621,
:64:C200713JPY1173621,
-}{5:}
{1:F01XXXXXXXXXXXX0000000000}{2:O9400000000000BARCGB22XXXX00000000000000000000N}{3:}{4:
:20:20200713
:25:208294/68722611
:28C:40195/1
:60F:C200713USD22318,45
:62F:C200713USD22318,45
:64:C200713USD22318,45
-}{5:}
{1:F01XXXXXXXXXXXX0000000000}{2:O9400000000000BARCGB22XXXX00000000000000000000N}{3:}{4:
:20:20200713
:25:20301969363811
:28C:40195/1
:60F:C200713JPY9892651,
:62F:C200713JPY9892651,
:64:C200713JPY9892651,
-}{5:}
{1:F01XXXXXXXXXXXX0000000000}{2:O9400000000000BARCGB22XXXX00000000000000000000N}{3:}{4:
:20:20200713
:25:20829470813427
:28C:40195/1
:60F:C200713GBP202538,07
:62F:C200713GBP202538,07
:64:C200713GBP202538,07
-}{5:}
{1:F01XXXXXXXXXXXX0000000000}{2:O9400000000000BARCGB22XXXX00000000000000000000N}{3:}{4:
:20:20200713
:25:20301973012555
:28C:40195/1
:60F:C200713EUR1,00
:62F:C200713EUR1,00
:64:C200713EUR1,00
-}{5:}
{1:F01XXXXXXXXXXXX0000000000}{2:O9400000000000BARCGB22XXXX00000000000000000000N}{3:}{4:
:20:20200713
:25:20829473735486
:28C:40195/1
:60F:C200713GBP63277,98
:61:2007130713DP4880,00FTFRPXX0000000
:86:900/00XXXXXXXXXX0000000*XXX    000000000          
/00XXX
:62F:C200713GBP58397,98
:64:C200713GBP58397,98
-}{5:}
{1:F01XXXXXXXXXXXX0000000000}{2:O9400000000000BARCGB22XXXX00000000000000000000N}{3:}{4:
:20:20200713
:25:208294/73985988
:28C:40195/1
:60F:C200713AUD841322,51
:62F:C200713AUD841322,51
:64:C200713AUD841322,51
-}{5:}
{1:F01XXXXXXXXXXXX0000000000}{2:O9400000000000BARCGB22XXXX00000000000000000000N}{3:}{4:
:20:20200713
:25:208294/73986955
:28C:40195/1
:60F:C200713ZAR252809,98
:62F:C200713ZAR252809,98
:64:C200713ZAR252809,98
-}{5:}
{1:F01XXXXXXXXXXXX0000000000}{2:O9400000000000BARCGB22XXXX00000000000000000000N}{3:}{4:
:20:20200713
:25:20301974935499
:28C:40195/1
:60F:C200713EUR242434,85
:62F:C200713EUR242434,85
:64:C200713EUR242434,85
-}{5:}
{1:F01XXXXXXXXXXXX0000000000}{2:O9400000000000BARCGB22XXXX00000000000000000000N}{3:}{4:
:20:20200713
:25:20301974935533
:28C:40195/1
:60F:C200713AUD121203,85
:62F:C200713AUD121203,85
:64:C200713AUD121203,85
-}{5:}
{1:F01XXXXXXXXXXXX0000000000}{2:O9400000000000BARCGB22XXXX00000000000000000000N}{3:}{4:
:20:20200713
:25:20301975252599
:28C:40195/1
:60F:C200713EUR125528,74
:62F:C200713EUR125528,74
:64:C200713EUR125528,74
-}{5:}
{1:F01XXXXXXXXXXXX0000000000}{2:O9400000000000BARCGB22XXXX00000000000000000000N}{3:}{4:
:20:20200713
:25:20301976733788
:28C:40195/1
:60F:C200713HKD31770,39
:62F:C200713HKD31770,39
:64:C200713HKD31770,39
-}{5:}
{1:F01XXXXXXXXXXXX0000000000}{2:O9400000000000BARCGB22XXXX00000000000000000000N}{3:}{4:
:20:20200713
:25:20301978571922
:28C:40195/1
:60F:C200713NZD284408,14
:62F:C200713NZD284408,14
:64:C200713NZD284408,14
-}{5:}
{1:F01XXXXXXXXXXXX0000000000}{2:O9400000000000BARCGB22XXXX00000000000000000000N}{3:}{4:
:20:20200713
:25:20829480960101
:28C:40195/1
:60F:D200713GBP4752206,19
:61:2007130713CP5909,07FREMNXXXXX
:86:900/00XXXX/X XXXXXXXXXX     XXX
:61:2007130713CP34495,97FFPCHXXX XXXXXXX XXX
:86:900/00XXXXXXX XXX XX XXX       XXXX XXXXXXX XXXXX 
/00XXXXXXX: 00-00-00 00000000
:61:2007130713CP99000,00FFPCCXX
:86:900/00XXXXXXXXX XXXXXX XXXX    XXX                
/00XXXXXXX: 00-00-00 00000000
:61:2007130713CP22665,60FFPCCXX
:86:900/00XXXXXXXXX XXXXXX XXXX    XXX                
/00XXXXXXX: 00-00-00 00000000
:61:2007130713CP890179,67FTFRNXXXXX
:86:900/00XXXXXXXXXXX      00000000
:61:2007130713CP50671,19FTFRNXX XXX 0000 000
:86:900/00XXXX000XXX XXX 0000 0    00XXX000000000     
/00XXX
:61:2007130713CP27249,47FTFRRXX XXX 0000 000
:86:900/00XXXX000XXX XXX 0000 0    00XXX000000000     
/00XXX
:61:2007130713CP3954,32FTFR400000XXXX XXXXX
:86:900/00XXXX000000000XXXX XXX    XXXXX000000000     
/00XXX
:61:2007130713CP3500,00FTFRNXXXXXXXXX XXXXX
:86:900/00XXXX000XXXXXXXXXX XXX    XXXXX000000000     
/00XXX
:61:2007130713CP165943,56FTFRTXXXXXXX XXXXXXX
:86:900/00XXXX000XXXXXXXX XXXXX    XXXXX000000000     
/00XXX
:61:2007130713CP24148,14FTFRTXXXXXXX XX XXX
:86:900/00XXXX000XXXXXXXX XX XX    X XXX000000000     
/00XXX
:61:2007130713CP1793,40FTFRTXXXXXXX XX XXXX
:86:900/00XXXX000XXXXXXXX XX XX    XXXXX000000000     
/00XXX
:61:2007130713DP136,35FDDRSX0000000
:86:900/00XXXXX00000000000000      XX0000000          
/00XXX
:61:2007130713DP24,27FDDRSX0000000
:86:900/00XXXXX00000000000000      XX0000000          
/00XXX
:62F:D200713GBP3422856,42
:64:D200713GBP3422856,42
-}{5:}
{1:F01XXXXXXXXXXXX0000000000}{2:O9400000000000BARCGB22XXXX00000000000000000000N}{3:}{4:
:20:20200713
:25:208294/83798255
:28C:40195/1
:60F:C200713AUD153522,45
:62F:C200713AUD153522,45
:64:C200713AUD153522,45
-}{5:}
{1:F01XXXXXXXXXXXX0000000000}{2:O9400000000000BARCGB22XXXX00000000000000000000N}{3:}{4:
:20:20200713
:25:208294/83798266
:28C:40195/1
:60F:C200713EUR99682,44
:61:2007130713DR2650,00F174PXX0000000
:86:900/00000XXXXXXX XXXXXXX XXXXXXX0000000 XXX0000000
/0000
:62F:C200713EUR97032,44
:64:C200713EUR97032,44
-}{5:}
{1:F01XXXXXXXXXXXX0000000000}{2:O9400000000000BARCGB22XXXX00000000000000000000N}{3:}{4:
:20:20200713
:25:208294/83801999
:28C:40195/1
:60F:C200713CAD303639,97
:62F:C200713CAD303639,97
:64:C200713CAD303639,97
-}{5:}
{1:F01XXXXXXXXXXXX0000000000}{2:O9400000000000BARCGB22XXXX00000000000000000000N}{3:}{4:
:20:20200713
:25:20301985755777
:28C:40195/1
:60F:C200713CHF1072,62
:62F:C200713CHF1072,62
:64:C200713CHF1072,62
-}{5:}
{1:F01XXXXXXXXXXXX0000000000}{2:O9400000000000BARCGB22XXXX00000000000000000000N}{3:}{4:
:20:20200713
:25:208294/86895088
:28C:40195/1
:60F:C200713CHF150935,84
:62F:C200713CHF150935,84
:64:C200713CHF150935,84
-}{5:}
{1:F01XXXXXXXXXXXX0000000000}{2:O9400000000000BARCGB22XXXX00000000000000000000N}{3:}{4:
:20:20200713
:25:20301987844622
:28C:40195/1
:60F:C200713CAD9787,96
:62F:C200713CAD9787,96
:64:C200713CAD9787,96
-}{5:}
{1:F01XXXXXXXXXXXX0000000000}{2:O9400000000000BARCGB22XXXX00000000000000000000N}{3:}{4:
:20:20200713
:25:20301989436322
:28C:40195/1
:60F:C200713AUD205545,04
:62F:C200713AUD205545,04
:64:C200713AUD205545,04
-}{5:}
{1:F01XXXXXXXXXXXX0000000000}{2:O9400000000000BARCGB22XXXX00000000000000000000N}{3:}{4:
:20:20200713
:25:20301989557877
:28C:40195/1
:60F:C200713USD453,65
:62F:C200713USD453,65
:64:C200713USD453,65
-}{5:}
{1:F01XXXXXXXXXXXX0000000000}{2:O9400000000000BARCGB22XXXX00000000000000000000N}{3:}{4:
:20:20200713
:25:20829490921580
:28C:40195/1
:60F:C200713GBP155062,01
:62F:C200713GBP155062,01
:64:C200713GBP155062,01
-}{5:}
{1:F01XXXXXXXXXXXX0000000000}{2:O9400000000000BARCGB22XXXX00000000000000000000N}{3:}{4:
:20:20200713
:25:ABNANL2ACOR/NL05ABNA0269999000
:28C:40195/1
:60F:C200713EUR1080492,33
:61:2007130713DR3591,69NTRFNXXXXX
:86:900/00/XXXX/XXXX XXXXXXXXXXX/XXXX/XX00XXXX00000000
/0000/XXX/XXXXXX0X/XXXX/XXXXXXXXXX XXXXX XXXXXXXXXXXXX XXXXXX XXX
/00X X.X./XXXX/XXXXXXXXXXXXX XXXX XX XXXXXXXX 0000/XXXX/XXXXXX
:62F:C200713EUR1076900,64
:64:C200713EUR1076900,64
-}{5:}
{1:F01XXXXXXXXXXXX0000000000}{2:O9400000000000BARCGB22XXXX00000000000000000000N}{3:}{4:
:20:20200713
:25:ABNANL2ACOR/NL15ABNA0242130623
:28C:40195/1
:60F:C200713CHF7642,56
:62F:C200713CHF7642,56
:64:C200713CHF7642,56
-}{5:}
{1:F01XXXXXXXXXXXX0000000000}{2:O9400000000000BARCGB22XXXX00000000000000000000N}{3:}{4:
:20:20200713
:25:ABNANL2ACOR/NL15ABNA0242130720
:28C:40195/1
:60F:D200713ZAR10,93
:62F:D200713ZAR10,93
:64:D200713ZAR10,93
-}{5:}
{1:F01XXXXXXXXXXXX0000000000}{2:O9400000000000BARCGB22XXXX00000000000000000000N}{3:}{4:
:20:20200713
:25:ABNANL2ACOR/NL18ABNA0242130666
:28C:40195/1
:60F:D200713GBP2498143,40
:62F:D200713GBP2498143,40
:64:D200713GBP2498143,40
-}{5:}
{1:F01XXXXXXXXXXXX0000000000}{2:O9400000000000BARCGB22XXXX00000000000000000000N}{3:}{4:
:20:20200713
:25:ABNANL2ACOR/NL18ABNA0269751513
:28C:40195/1
:60F:C200713EUR52078,75
:62F:C200713EUR52078,75
:64:C200713EUR52078,75
-}{5:}
{1:F01XXXXXXXXXXXX0000000000}{2:O9400000000000BARCGB22XXXX00000000000000000000N}{3:}{4:
:20:20200713
:25:ABNANL2ACOR/NL18ABNA0269995080
:28C:40195/1
:60F:D200713EUR406078,16
:61:2007130713DR1215,22NTRF00000000000000
:86:900/00/XXXX/XXXX XXXXXXXXXXX/XXXX/XX00XXXX00000000
/0000/XXX/XXXXXX0X/XXXX/XXX XXXXX XXXXXXXX XX (XXXXX)/XXXX/XX0000
/000 XXXXX XXX 0000000000/XXXX/00000000000000
:61:2007130713DR1775,45NTRF00000000000000
:86:900/00/XXXX/XXXX XXXXXXXXXXX/XXXX/XX00XXXX00000000
/0000/XXX/XXXXXX0X/XXXX/XXXXXXXXX XXXXXXX XX - 0000/XXXX/XX00000 
/00XXXXX XXX 0000000000/XXXX/00000000000000
:61:2007130713DR127389,09NTRF1000000000
:86:900/00/XXXX/XXXX XXXXX/XXXX/0000000000/XXXX/000000
/000
:62F:D200713EUR536457,92
:64:D200713EUR536457,92
-}{5:}
{1:F01XXXXXXXXXXXX0000000000}{2:O9400000000000BARCGB22XXXX00000000000000000000N}{3:}{4:
:20:20200713
:25:ABNANL2ACOR/NL21ABNA0269751556
:28C:40195/1
:60F:C200713EUR1,67
:62F:C200713EUR1,67
:64:C200713EUR1,67
-}{5:}
{1:F01XXXXXXXXXXXX0000000000}{2:O9400000000000BARCGB22XXXX00000000000000000000N}{3:}{4:
:20:20200713
:25:ABNANL2ACOR/NL22ABNA0240489063
:28C:40195/1
:60F:C200713EUR8459,89
:62F:C200713EUR8459,89
:64:C200713EUR8459,89
-}{5:}
{1:F01XXXXXXXXXXXX0000000000}{2:O9400000000000BARCGB22XXXX00000000000000000000N}{3:}{4:
:20:20200713
:25:ABNANL2ACOR/NL37ABNA0242130615
:28C:40195/1
:60F:C200713CAD16185,68
:62F:C200713CAD16185,68
:64:C200713CAD16185,68
-}{5:}
{1:F01XXXXXXXXXXXX0000000000}{2:O9400000000000BARCGB22XXXX00000000000000000000N}{3:}{4:
:20:20200713
:25:ABNANL2ACOR/NL37ABNA0242130712
:28C:40195/1
:60F:C200713USD12038979,71
:61:2007150713CD15150,00NTRFNXXXXX
:86:900/00XXXX XXX     XX0000000000000XXXX XXX     XXX
/00       00.000,00XXXXXXXX XXXXXX XXXX./XXXXXXX.XXXXXXXXXXXX XXX
/00XX X.X.XXXXXXX 0000-0000
:61:2007130713CD18142,00NTRFNXXXXX
:86:900/00XXXX XXX     XX0000000000000     XXXXXX. XXX
/0000000,00XXXX XXX     XXX       00.000,00 XXXX XXXXXX X.X.X. XX
/00XXXXXXXXX/XX00XXXX0000000000              XXXXXXXXX XXXXXX X.X
/00.XXX. 0000-0000 XXX 00.000 XX XXX X X XXXX 0000/000000000 0000
/00/X0000
:61:2007130713CD19978,00NTRFNXXXXX
:86:900/00XXXX XXX     XX0000000000000     XXXXXX. XXX
/0000000,00XXXX XXX     XXX       00.000,00 XXXX XXXXXX X.X.X. XX
/00XXXXXXXXX/XX00XXXX0000000000              XXXXXXX XXXX XXXX XX
/00XXXXXX XX/XXX/XXXXXXXXXXX XX XXXXX XXXXXX X
:61:2007130713CD10088,78NTRFNXXXXX
:86:900/00XXXX XXX     XX0000000000000     XXXXXX. XXX
/0000000,00XXXX XXX     XXX       00.000,00 XXXX XXXXXX X.X.X. XX
/00XXXXXXXXX/XX00XXXX0000000000              XXX XXX XXXXXXXXX XX
/00X/XXX/XXXXXXXXXXX XXXXXXX 0000-00 00  XXX 00000
:62F:C200713USD12102338,49
:64:C200713USD12067048,49
:65:C200714USD12087188,49
:65:C200715USD12102338,49
-}{5:}
{1:F01XXXXXXXXXXXX0000000000}{2:O9400000000000BARCGB22XXXX00000000000000000000N}{3:}{4:
:20:20200713
:25:ABNANL2ACOR/NL37ABNA0644237228
:28C:40195/1
:60F:C200713EUR28,73
:62F:C200713EUR28,73
:64:C200713EUR28,73
-}{5:}
{1:F01XXXXXXXXXXXX0000000000}{2:O9400000000000BARCGB22XXXX00000000000000000000N}{3:}{4:
:20:20200713
:25:ABNANL2ACOR/NL40ABNA0242130658
:28C:40195/1
:60F:C200713DKK0,00
:62F:C200713DKK0,00
:64:C200713DKK0,00
-}{5:}
{1:F01XXXXXXXXXXXX0000000000}{2:O9400000000000BARCGB22XXXX00000000000000000000N}{3:}{4:
:20:20200713
:25:ABNANL2ACOR/NL40ABNA0242130755
:28C:40195/1
:60F:D200713USD611029,72
:62F:D200713USD611029,72
:64:D200713USD611029,72
-}{5:}
{1:F01XXXXXXXXXXXX0000000000}{2:O9400000000000BARCGB22XXXX00000000000000000000N}{3:}{4:
:20:20200713
:25:ABNANL2ACOR/NL40ABNA0269751505
:28C:40195/1
:60F:C200713EUR0,46
:62F:C200713EUR0,46
:64:C200713EUR0,46
-}{5:}
{1:F01XXXXXXXXXXXX0000000000}{2:O9400000000000BARCGB22XXXX00000000000000000000N}{3:}{4:
:20:20200713
:25:ABNANL2ACOR/NL49ABNA0242130690
:28C:40195/1
:60F:D200713NZD0,02
:62F:D200713NZD0,02
:64:D200713NZD0,02
-}{5:}
{1:F01XXXXXXXXXXXX0000000000}{2:O9400000000000BARCGB22XXXX00000000000000000000N}{3:}{4:
:20:20200713
:25:ABNANL2ACOR/NL57ABNA0269799990
:28C:40195/1
:60F:C200713EUR333489,58
:61:2007130713CR620,78NTRF20000000000
:86:900/00/XXXX/XXXX XXX XXXXXXXX/XXXX/XX00XXXX0000000
/00000/XXX/XXXXXX0X/XXXX/XXX XXXX XXXX/XXXX/XXXXX. XXXXXXXXXXXXXX
/00 XXXX      XXXXX. XX0000                   XXX. 00000000/0000 
/00XXXX. 0      XXXXXX. XXX XXXXXXXX XXXXX/XXXX/00000000000
:61:2007120713CR2003,73NTRF20000000000
:86:900/00/XXXX/XXXX XXX XXXXXXXX/XXXX/XX00XXXX0000000
/00000/XXX/XXXXXX0X/XXXX/XXX XXXX XXXX/XXXX/XXXXX. XXXXXXXXXXXXXX
/00 XXXX      XXXXX. X000X0                   XXX. 00000000/0000 
/00XXXX. 0      XXXXXX. XXX0000 XXXXXX.XXXXX/XXXX/00000000000
:61:2007120713CR2219,72NTRF20000000000
:86:900/00/XXXX/XXXX XXX XXXXXXXX/XXXX/XX00XXXX0000000
/00000/XXX/XXXXXX0X/XXXX/XXX XXXX XXXX/XXXX/XXXXX. XXXXXXXXXXXXXX
/00 XXXX      XXXXX. XX0000                   XXX. 00000000/0000 
/00XXXX. 0      XXXXXX. XXX XXXXXXXX XXXXX/XXXX/00000000000
:61:2007130713CR18,50NTRF20000000000
:86:900/00/XXXX/XXXX XXX XXXXXXXX/XXXX/XX00XXXX0000000
/00000/XXX/XXXXXX0X/XXXX/XXX XXXX XXXX/XXXX/XXXXX. XXXXXXXXXXXXXX
/00 XXXX      XXXXX. XX0000                   XXX. 00000000/0000 
/00XXXX. 0      XXXXXX. XXX XXXXXXXX XXXXX/XXXX/00000000000
:61:2007130713CR136,72NTRF20000000000
:86:900/00/XXXX/XXXX XXX XXXXXXXX/XXXX/XX00XXXX0000000
/00000/XXX/XXXXXX0X/XXXX/XXX XXXX XXXX/XXXX/XXXXX. XXXXXXXXXXXXXX
/00 XXXX      XXXXX. 000X00                   XXX. 00000000/0000 
/00XXXX. 0      XXXXXX. XXXXXXXX XXXXXX 0000/XXXX/00000000000
:61:2007130713CR206,28NTRF20000000000
:86:900/00/XXXX/XXXX XXX XXXXXXXX/XXXX/XX00XXXX0000000
/00000/XXX/XXXXXX0X/XXXX/XXX XXXX XXXX/XXXX/XXXXX. XXXXXXXXXXXXXX
/00 XXXX      XXXXX. 000X00                   XXX. 00000000/0000 
/00XXXX. 0      XXXXXX. XXXXXXXX XXXXXX 0000/XXXX/00000000000
:61:2007120713CR1948,08NTRF20000000000
:86:900/00/XXXX/XXXX XXX XXXXXXXX/XXXX/XX00XXXX0000000
/00000/XXX/XXXXXX0X/XXXX/XXX XXXX XXXX/XXXX/XXXXX. XXXXXXXXXXXXXX
/00 XXXX      XXXXX. XX0000                   XXX. 00000000/0000 
/00XXXX. 0      XXXXXX. XXX XXXXXXX XXXXXX/XXXX/00000000000
:61:2007120713CR1680,31NTRF20000000000
:86:900/00/XXXX/XXXX XXX XXXXXXXX/XXXX/XX00XXXX0000000
/00000/XXX/XXXXXX0X/XXXX/XXX XXXX XXXX/XXXX/XXXXX. XXXXXXXXXXXXXX
/00 XXXX      XXXXX. XX0000                   XXX. 00000000/0000 
/00XXXX. 0      XXXXXX. XXX XXXXXXXX/XXXX/00000000000
:61:2007120713CR1167,43NTRF20000000000
:86:900/00/XXXX/XXXX XXX XXXXXXXX/XXXX/XX00XXXX0000000
/00000/XXX/XXXXXX0X/XXXX/XXX XXXX XXXX/XXXX/XXXXX. XXXXXXXXXXXXXX
/00 XXXX      XXXXX. XX0X0X                   XXX. 00000000/0000 
/00XXXX. 0      XXXXXX. XXX XXXX XX/XXXX/00000000000
:61:2007120713CR972,29NTRF20000000000
:86:900/00/XXXX/XXXX XXX XXXXXXXX/XXXX/XX00XXXX0000000
/00000/XXX/XXXXXX0X/XXXX/XXX XXXX XXXX/XXXX/XXXXX. XXXXXXXXXXXXXX
/00 XXXX      XXXXX. 000X00                   XXX. 00000000/0000 
/00XXXX. 0      XXXXXX. XXX XX XXXXXXXXX XX/XXXX/00000000000
:61:2007120713CR504,49NTRF20000000000
:86:900/00/XXXX/XXXX XXX XXXXXXXX/XXXX/XX00XXXX0000000
/00000/XXX/XXXXXX0X/XXXX/XXX XXXX XXXX/XXXX/XXXXX. XXXXXXXXXXXXXX
/00 XXXX      XXXXX. XX0000                   XXX. 00000000/0000 
/00XXXX. 0      XXXXXX. XXX XXXXXXXX XXXXX/XXXX/00000000000
:61:2007120713CR457,00NTRF20000000000
:86:900/00/XXXX/XXXX XXX XXXXXXXX/XXXX/XX00XXXX0000000
/00000/XXX/XXXXXX0X/XXXX/XXX XXXX XXXX/XXXX/XXXXX. XXXXXXXXXXXXXX
/00 XXXX      XXXXX. XX0000                   XXX. 00000000/0000 
/00XXXX. 0      XXXXXX. XXX XXXXXXXX XXXXX/XXXX/00000000000
:61:2007120713CR205,28NTRF20000000000
:86:900/00/XXXX/XXXX XXX XXXXXXXX/XXXX/XX00XXXX0000000
/00000/XXX/XXXXXX0X/XXXX/XXX XXXX XXXX/XXXX/XXXXX. XXXXXXXXXXXXXX
/00 XXXX      XXXXX. 000X00                   XXX. 00000000/0000 
/00XXXX. 0      XXXXXX. XXXXXXXX XXXXXX 0000/XXXX/00000000000
:61:2007120713CR200,99NTRF20000000000
:86:900/00/XXXX/XXXX XXX XXXXXXXX/XXXX/XX00XXXX0000000
/00000/XXX/XXXXXX0X/XXXX/XXX XXXX XXXX/XXXX/XXXXX. XXXXXXXXXXXXXX
/00 XXXX      XXXXX. 000X00                   XXX. 00000000/0000 
/00XXXX. 0      XXXXXX. XXX XX XXXXXXXXX XX/XXXX/00000000000
:61:2007120713CR29,01NTRF20000000000
:86:900/00/XXXX/XXXX XXX XXXXXXXX/XXXX/XX00XXXX0000000
/00000/XXX/XXXXXX0X/XXXX/XXX XXXX XXXX/XXXX/XXXXX. XXXXXXXXXXXXXX
/00 XXXX      XXXXX. 000X00                   XXX. 00000000/0000 
/00XXXX. 0      XXXXXX. XXX XX XXXXXXX XXXXX/XXXX/00000000000
:61:2007120713CR18,50NTRF20000000000
:86:900/00/XXXX/XXXX XXX XXXXXXXX/XXXX/XX00XXXX0000000
/00000/XXX/XXXXXX0X/XXXX/XXX XXXX XXXX/XXXX/XXXXX. XXXXXXXXXXXXXX
/00 XXXX      XXXXX. X000X0                   XXX. 00000000/0000 
/00XXXX. 0      XXXXXX. XXX0000 XXXXXX.XXXXX/XXXX/00000000000
:61:2007110713CR2180,57NTRF20000000000
:86:900/00/XXXX/XXXX XXX XXXXXXXX/XXXX/XX00XXXX0000000
/00000/XXX/XXXXXX0X/XXXX/XXX XXXX XXXX/XXXX/XXXXX. XXXXXXXXXXXXXX
/00 XXXX      XXXXX. XX0000                   XXX. 00000000/0000 
/00XXXX. 0      XXXXXX. XXX XXXXXXXX/XXXX/00000000000
:61:2007110713CR1344,44NTRF20000000000
:86:900/00/XXXX/XXXX XXX XXXXXXXX/XXXX/XX00XXXX0000000
/00000/XXX/XXXXXX0X/XXXX/XXX XXXX XXXX/XXXX/XXXXX. XXXXXXXXXXXXXX
/00 XXXX      XXXXX. XX0000                   XXX. 00000000/0000 
/00XXXX. 0      XXXXXX. XXX XXXXXXXX XXXXX/XXXX/00000000000
:61:2007110713CR810,80NTRF20000000000
:86:900/00/XXXX/XXXX XXX XXXXXXXX/XXXX/XX00XXXX0000000
/00000/XXX/XXXXXX0X/XXXX/XXX XXXX XXXX/XXXX/XXXXX. XXXXXXXXXXXXXX
/00 XXXX      XXXXX. XX0000                   XXX. 00000000/0000 
/00XXXX. 0      XXXXXX. XXX XXXXXXXX XXXXX/XXXX/00000000000
:61:2007110713CR652,38NTRF20000000000
:86:900/00/XXXX/XXXX XXX XXXXXXXX/XXXX/XX00XXXX0000000
/00000/XXX/XXXXXX0X/XXXX/XXX XXXX XXXX/XXXX/XXXXX. XXXXXXXXXXXXXX
/00 XXXX      XXXXX. 000X00                   XXX. 00000000/0000 
/00XXXX. 0      XXXXXX. XXX XX XXXXXXXXX XX/XXXX/00000000000
:61:2007110713CR2,01NTRF20000000000
:86:900/00/XXXX/XXXX XXX XXXXXXXX/XXXX/XX00XXXX0000000
/00000/XXX/XXXXXX0X/XXXX/XXX XXXX XXXX/XXXX/XXXXX. XXXXXXXXXXXXXX
/00 XXXX      XXXXX. XX0000                   XXX. 00000000/0000 
/00XXXX. 0      XXXXXX. XXX XXXXXXXX XXXXX/XXXX/00000000000
:61:2007130713CR4381,15NTRF20000000000
:86:900/00/XXXX/XXXX XXX XXXXXXXX/XXXX/XX00XXXX0000000
/00000/XXX/XXXXXX0X/XXXX/XXX XXXX XXXX/XXXX/XXXXX. XXXXXXXXXXXXXX
/00 XXXX      XXXXX. X000X0                   XXX. 00000000/0000 
/00XXXX. 0      XXXXXX. XXX0000 XXXXXX.XXXXX/XXXX/00000000000
:61:2007130713CR1816,11NTRF20000000000
:86:900/00/XXXX/XXXX XXX XXXXXXXX/XXXX/XX00XXXX0000000
/00000/XXX/XXXXXX0X/XXXX/XXX XXXX XXXX/XXXX/XXXXX. XXXXXXXXXXXXXX
/00 XXXX      XXXXX. XX0000                   XXX. 00000000/0000 
/00XXXX. 0      XXXXXX. XXX XXXXXXXX/XXXX/00000000000
:61:2007130713CR1485,82NTRF20000000000
:86:900/00/XXXX/XXXX XXX XXXXXXXX/XXXX/XX00XXXX0000000
/00000/XXX/XXXXXX0X/XXXX/XXX XXXX XXXX/XXXX/XXXXX. XXXXXXXXXXXXXX
/00 XXXX      XXXXX. XX0000                   XXX. 00000000/0000 
/00XXXX. 0      XXXXXX. XXX XXXXXXXX/XXXX/00000000000
:61:2007130713CR906,50NTRF20000000000
:86:900/00/XXXX/XXXX XXX XXXXXXXX/XXXX/XX00XXXX0000000
/00000/XXX/XXXXXX0X/XXXX/XXX XXXX XXXX/XXXX/XXXXX. XXXXXXXXXXXXXX
/00 XXXX      XXXXX. XX0000                   XXX. 00000000/0000 
/00XXXX. 0      XXXXXX. XXX XXXXXXXX XXXXX/XXXX/00000000000
:62F:C200713EUR359458,47
:64:C200713EUR359458,47
-}{5:}
{1:F01XXXXXXXXXXXX0000000000}{2:O9400000000000BARCGB22XXXX00000000000000000000N}{3:}{4:
:20:20200713
:25:ABNANL2ACOR/NL59ABNA0242130607
:28C:40195/1
:60F:C200713AUD5311,25
:62F:C200713AUD5311,25
:64:C200713AUD5311,25
-}{5:}
{1:F01XXXXXXXXXXXX0000000000}{2:O9400000000000BARCGB22XXXX00000000000000000000N}{3:}{4:
:20:20200713
:25:ABNANL2ACOR/NL59ABNA0242130704
:28C:40195/1
:60F:C200713SEK0,00
:62F:C200713SEK0,00
:64:C200713SEK0,00
-}{5:}
{1:F01XXXXXXXXXXXX0000000000}{2:O9400000000000BARCGB22XXXX00000000000000000000N}{3:}{4:
:20:20200713
:25:ABNANL2ACOR/NL63ABNA0644520000
:28C:40195/1
:60F:C200713EUR6625964,70
:61:2007130713CR3810,00NTRFNXXXXXXXXXX
:86:900/00/XXXX/XXXX XXXXXXXXXXX/XXXX/XX00XXXX00000000
/0000/XXX/XXXXXX0X/XXXX/XXX XXXX XXXX/XXXX/XXX XXXXXXX XX 0-0-000
/000 XXXXXXX 00000000/XXXX/XXXXXXXXXXX
:61:2007130713CR2285,00NTRFNXXXXX
:86:900/00/XXXX/XXXX XXXXXXXXXXX/XXXX/XX00XXXX00000000
/0000/XXX/XXXXXX0X/XXXX/XXXXXXXX XX/XXXX/XX -00-00-0000/XXXX/XXXX
/00XX
:61:2007130713CR12282,34NTRFOX0X000000000000
:86:900/00/XXXX/XXXX XXXXXXXXXXX/XXXX/XX00XXXX00000000
/0000/XXX/XXXXXX0X/XXXX/XXXX/XXXX/XXXXXXX 0000-0000/XXXX/XXXXXXXX
/00XXX
:61:2007130713CR1504,50NTRFCXX0XXX0XXXXXX00
:86:900/00/XXXX/XXXX XXXXXXXXXXX/XXXX/XX00XXXX00000000
/0000/XXX/XXXXXX0X/XXXX/XXXXXXXXX XXXXXX X.X./XXXX/XXX. 0000-0000
/00 XXX 0.000 XX XXXXXXXXXX 0000/000000000/XXXX/XXXXXXXXXXX
:61:2007130713CR0,01NTRFPXXXX XXXX
:86:900/00/XXXX/XXXX XXXXXXX XXXXX/XXXX/XXXXX XXXX/XXX
/00X/0000000/XXXX/XXXXX/
:61:2007130713DR0,01NTRF00000000000000
:86:900/00/XXXX/XXXX XXXXXXX X0X XXXXXXX/XXXX/XXX000XX
/00XXXXX/XXXX/XX00/XXXX/XX00XXXX0000000000/XXXX/XXX XXXX XXXXXXXX
/00 XXX XXXXXX/XXXX/XXXXX XXXX XXXX XX XXXXXX/XXXX/XXXXX XXXX
:61:2007130713CR370000,00NTRFNXXXXX
:86:900/00XXXX XXX     XX0000000000000XXXXXX. XXX00000
/000,00XXXX XXX     XXX      000.000,00XXXXXXXX XXXXXX XXXX./XXXX
/00XXX./00000000000000XXXXXXXX XXXXXXX
:61:2007130713DR6,50NTRFNXXXXX
:86:900/00XXXXXX  XX0000000000000XXXXXXXXXXXX     XXX 
/00       0,00XXXXXXXXXXX  XX0000000000000
:61:2007130713DR6,50NTRFNXXXXX
:86:900/00XXXXXX  XX0000000000000XXXXXXXXXXXX     XXX 
/00       0,00XXXXXXXXXXX  XX0000000000000
:61:2007130713DR6,50NTRFNXXXXX
:86:900/00XXXXXX  XX0000000000000XXXXXXXXXXXX     XXX 
/00       0,00XXXXXXXXXXX  XX0000000000000
:61:2007150713DR6,50NTRFNXXXXX
:86:900/00XXXXXX  XX0000000000000XXXXXXXXXXXX     XXX 
/00       0,00XXXXXXXXXXX  XX0000000000000
:61:2007130713DR226005,26NTRFNXXXXX
:86:900/00/XXXX/XXXX XXXXXXXXXXX/XXXX/XX00000000000000
/00/XXX/XXXXXXXX/XXXX/XXXXXXXX X.X. XXXXXXX (XXXXXXX)/XXXX/XXXXXX
/00XXXX 00-00-0000 XXXXXXXX XX/XXXX/XXXXXX
:61:2007130713DR800,00NTRFNXXXXX
:86:900/00/XXXX/XXXX XXXXXXXXXXX/XXXX/XX00XXXX00000000
/0000/XXX/XXXXXX0X/XXXX/X0 XX X.X./XXXX/XXXXXXXXXXX XXXXXXX 0000-
/000000/XXXX/XXXXXX/XXXX//XX/XXXXXX
:62F:C200713EUR6789015,28
:64:C200713EUR6789028,28
:65:C200714EUR6789021,78
:65:C200715EUR6789015,28
-}{5:}
{1:F01XXXXXXXXXXXX0000000000}{2:O9400000000000BARCGB22XXXX00000000000000000000N}{3:}{4:
:20:20200713
:25:ABNANL2ACOR/NL65ABNA0269751734
:28C:40195/1
:60F:C200713EUR16374,09
:62F:C200713EUR16374,09
:64:C200713EUR16374,09
-}{5:}
{1:F01XXXXXXXXXXXX0000000000}{2:O9400000000000BARCGB22XXXX00000000000000000000N}{3:}{4:
:20:20200713
:25:ABNANL2ACOR/NL71ABNA0242130682
:28C:40195/1
:60F:D200713NOK0,26
:62F:D200713NOK0,26
:64:D200713NOK0,26
-}{5:}
{1:F01XXXXXXXXXXXX0000000000}{2:O9400000000000BARCGB22XXXX00000000000000000000N}{3:}{4:
:20:20200713
:25:ABNANL2ACOR/NL80ABNA0269996001
:28C:40195/1
:60F:D200713EUR73671,48
:61:2007130713DR4840,00NTRFSXX XXXX X.X. 00
:86:900/00/XXXX/XXXX XXXXXXXXXXX/XXXX/XX00XXXX00000000
/0000/XXX/XXXXXX0X/XXXX/XXX XXXX X.X./XXXX/XXXX 0000000000/XXXX/X
/00XX XXXX X.X. 0000-00-00
:61:2007130713DR14010,00NTRFSXX XXXX X.X. 00
:86:900/00/XXXX/XXXX XXXXXXXXXXX/XXXX/XX00XXXX00000000
/0000/XXX/XXXXXX0X/XXXX/XXX XXXX X.X./XXXX/XXXX 0000000000/XXXX/X
/00XX XXXX X.X. 0000-00-00
:61:2007130713DR6760,00NTRFSXX XXXX X.X. 00
:86:900/00/XXXX/XXXX XXXXXXXXXXX/XXXX/XX00XXXX00000000
/0000/XXX/XXXXXX0X/XXXX/XXX XXXX X.X./XXXX/XXXX 0000000000/XXXX/X
/00XX XXXX X.X. 0000-00-00
:62F:D200713EUR99281,48
:64:D200713EUR99281,48
-}{5:}
{1:F01XXXXXXXXXXXX0000000000}{2:O9400000000000BARCGB22XXXX00000000000000000000N}{3:}{4:
:20:20200713
:25:ABNANL2ACOR/NL84ABNA0242130739
:28C:40195/1
:60F:D200713GBP18003,64
:62F:D200713GBP18003,64
:64:D200713GBP18003,64
-}{5:}
{1:F01XXXXXXXXXXXX0000000000}{2:O9400000000000BARCGB22XXXX00000000000000000000N}{3:}{4:
:20:20200713
:25:ABNANL2ACOR/NL87ABNA0644237201
:28C:40195/1
:60F:D200713EUR7312272,14
:61:2007130713DR2285,00NTRFNXXXXX
:86:900/00/XXXX/XXXX XXXXXXXXXXX/XXXX/XX00XXXX00000000
/0000/XXX/XXXXXX0X/XXXX/XXX XXXXXXXX X.X./XXXX/XX -00-00-0000/XXX
/00X/XXXXXX
:62F:D200713EUR7314557,14
:64:D200713EUR7314557,14
-}{5:}
{1:F01XXXXXXXXXXXX0000000000}{2:O9400000000000BARCGB22XXXX00000000000000000000N}{3:}{4:
:20:20200713
:25:ABNANL2ACOR/NL90ABNA0242130631
:28C:40195/1
:60F:D200713CZK1,39
:62F:D200713CZK1,39
:64:D200713CZK1,39
-}{5:}
{1:F01XXXXXXXXXXXX0000000000}{2:O9400000000000BARCGB22XXXX00000000000000000000N}{3:}{4:
:20:20200713
:25:ABNANL2ACOR/NL91ABNA0256500290
:28C:40195/1
:60F:D200713EUR4712,05
:61:2007130713DR1371,26NTRF00000000000000
:86:900/00/XXXX/XXXX XXXXXXXXXXX/XXXX/XX00XXXX00000000
/00000000/XXX/XXXXXX00/XXXX/XXXXXXXXXX XXXXXXX XXXXXXXXXX XXXXX/X
/00XXX/X0000000000 XXXXXXXX 0000000000/XXXX/00000000000000
:62F:D200713EUR6083,31
:64:D200713EUR6083,31
-}{5:}
{1:F01XXXXXXXXXXXX0000000000}{2:O9400000000000BARCGB22XXXX00000000000000000000N}{3:}{4:
:20:20200713
:25:ABNANL2ACOR/NL93ABNA0242130674
:28C:40195/1
:60F:C200713JPY107340,
:62F:C200713JPY107340,
:64:C200713JPY107340,
-}{5:}
{1:F01XXXXXXXXXXXX0000000000}{2:O9400000000000BARCGB22XXXX00000000000000000000N}{3:}{4:
:20:20200713
:25:BARCAEAD/000002313592
:28C:40195/1
:60F:C200713USD313044,39
:62F:C200713USD313044,39
:64:C200713USD313044,39
-}{5:}
{1:F01XXXXXXXXXXXX0000000000}{2:O9400000000000BARCGB22XXXX00000000000000000000N}{3:}{4:
:20:20200713
:25:BARCAEAD/000002313634
:28C:40195/1
:60F:C200713AED6496341,55
:62F:C200713AED6496341,55
:64:C200713AED6496341,55
-}{5:}
{1:F01XXXXXXXXXXXX0000000000}{2:O9400000000000BARCGB22XXXX00000000000000000000N}{3:}{4:
:20:20200713
:25:BARCAEAD/000002313635
:28C:40195/1
:60F:C200713GBP24,16
:62F:C200713GBP24,16
:64:C200713GBP24,16
-}{5:}
{1:F01XXXXXXXXXXXX0000000000}{2:O9400000000000BARCGB22XXXX00000000000000000000N}{3:}{4:
:20:20200713
:25:BARCAEAD/000002313636
:28C:40195/1
:60F:C200713EUR0,00
:62F:C200713EUR0,00
:64:C200713EUR0,00
-}{5:}
{1:F01XXXXXXXXXXXX0000000000}{2:O9400000000000BARCGB22XXXX00000000000000000000N}{3:}{4:
:20:20200713
:25:BARCUS33/050013335
:28C:40195/1
:60F:C200713USD1482434,97
:62F:C200713USD1482434,97
:64:C200713USD1482434,97
:65:C200714USD1482434,97
-}{5:}
{1:F01XXXXXXXXXXXX0000000000}{2:O9400000000000BARCGB22XXXX00000000000000000000N}{3:}{4:
:20:20200713
:25:BYLADEMM/00000004325415
:28C:40195/1
:60F:C200713EUR1487661,09
:61:2007130713CR221,00NCMIUXXXXXXXX XXX 00
:86:900/00000/00XXXXXXX. XXXXXXXXXXXXXXX/000000000000/
/0000XXXXXXXXX XXX 0000/0/000000/000
:61:2007130713CR182194,38NCMIUXXXXXXXX XXX 00
:86:900/00000/00XXXXXXX. XXXXXXXXXXXXXXX/000000000000/
/0000XXXXXXXXX XXX 0000/0/000000/000
:62F:C200713EUR1670076,47
-}{5:}
{1:F01XXXXXXXXXXXX0000000000}{2:O9400000000000BARCGB22XXXX00000000000000000000N}{3:}{4:
:20:20200713
:25:BYLADEMM/00000204325415
:28C:40195/1
:60F:C200713EUR0,00
:61:2007130713DR31,06NTRFNXXXXX
:86:900/00000/00XXXX-XXXXXX/000000000000/00XXXX+000000
/000000000000/00XXXX+0000000/00XXXX+XX0000000000000000/00XXXX+/XX
/00X/0000000000000000/00XXXXXXXXXXX 0.0.0000/00XXXXXXXXXXX/00XX00
/00000000000000000000/00XXXXXXXXX XX - XXXX XXX/00XXXXXXXXXXX 00 
/00XXXXXXXXX XX/00000/00XXXXXXXXXXXXXXXXXXX XXXX X/00XXXXXXXX
:61:2007130713DR31,77NTRFNXXXXX
:86:900/00000/00XXXX-XXXXXX/000000000000/00XXXX+000000
/000000000000/00XXXX+0000000/00XXXX+XX0000000000000000/00XXXX+/XX
/00X/0000000000000000/00XXXXXXXXXXX 0.0.0000/00XXXXXXXXXXX/00XX00
/00000000000000000000/00XXXXXXXXX XX - XXXX XXX/00XXXXXXXXXXX 00 
/00XXXXXXXXX XX/00000/00XXXXXXXXXXXXXXXXXXX XXXX X/00XXXXXXXX
:61:2007130713DR34,41NTRFNXXXXX
:86:900/00000/00XXXX-XXXXXX/000000000000/00XXXX+000000
/000000000000/00XXXX+0000000/00XXXX+XX0000000000000000/00XXXX+/XX
/00X/0000000000000000/00XXXXXXXXXXX 0.0.0000/00XXXXXXXXXXX/00XX00
/00000000000000000000/00XXXXXXXXX XX - XXXX XXX/00XXXXXXXXXXX 00 
/00XXXXXXXXX XX/00000/00XXXXXXXXXXXXXXXXXXX XXXX X/00XXXXXXXX
:61:2007130713DR177,43NTRFNXXXXX
:86:900/00000/00XXXX-XXXXXX/000000000000/00XXXX+000000
/000000000000/00XXXX+0000000/00XXXX+XX0000000000000000/00XXXX+/XX
/00X/0000000000000000/00XXXXXXXXXXX 0.0.0000/00XXXXXXXXXXX/00XX00
/00000000000000000000/00XXXXXXXXX XX - XXXX XXX/00XXXXXXXXXXX 00 
/00XXXXXXXXX XX/00000/00XXXXXXXXXXXXXXXXXXX XXXX X/00XXXXXXXX
:61:2007130713DR221,00NCMIUXXXXXXXX XX  00
:86:900/00000/00XXXXXXX. XXXXXXXXXXXXXXX/000000000000/
/0000XXXXXXXXX XX  0000/0/000000/000
:61:2007130713CR104,62NTRF0000000000.00000
:86:900/00000/00XXXX XXXXX XXXXXXXX XXX/000000000000/0
/000XXX. XXXX XXX 0000000/00XXX. 0000000000.00000000000/0000000X 
/00       XXXX.XXX. XXX/00XXXXXXXXXX. 0000-00-00-00.0/000.00.0000
/0000/00XXXX+0000000000000000000000/000000
:61:2007130713CR171,29NTRF0000000000.00000
:86:900/00000/00XXXX XXXXX XXXXXXXX XXX/000000000000/0
/000XXX. XXXX XXX 0000000/00XXX. 0000000000.00000000000/0000000X 
/00       XXXX.XXX. XXX/00XXXXXXXXXX. 0000-00-00-00.0/000.00.0000
/0000/00XXXX+0000000000000000000000/000000
:61:2007130713CR507,92NTRF0000000000.00000
:86:900/00000/00XXXX XXXXX XXXXXXXX XXX/000000000000/0
/000XXX. XXXX XXX 0000000/00XXX. 0000000000.00000000000/0000000X 
/00       XXXX.XXX. XXX/00XXXXXXXXXX. 0000-00-00-00.0/000.00.0000
/0000/00XXXX+0000000000000000000000/000000
:61:2007130713DR0,03NTRFNXXXXX
:86:900/00000/00XXXX-XXXXXX/000000000000/00XXXX+000000
/000000000000/00XXXX+0000000/00XXXX+XX0000000000000000/00XXXX+/XX
/00X/0000000000000000/00XXXXXXXXXXX 0.0.0000/00XXXXXXXXXXX/00XX00
/00000000000000000000/00XXXXXXXXX XX - XXXX XXX/00XXXXXXXXXXX 00 
/00XXXXXXXXX XX/00000/00XXXXXXXXXXXXXXXXXXX XXXX X/00XXXXXXXX
:61:2007130713DR8,59NTRFNXXXXX
:86:900/00000/00XXXX-XXXXXX/000000000000/00XXXX+000000
/000000000000/00XXXX+0000000/00XXXX+XX0000000000000000/00XXXX+/XX
/00X/0000000000000000/00XXXXXXXXXXX 0.0.0000/00XXXXXXXXXXX/00XX00
/00000000000000000000/00XXXXXXXXX XX - XXXX XXX/00XXXXXXXXXXX 00 
/00XXXXXXXXX XX/00000/00XXXXXXXXXXXXXXXXXXX XXXX X/00XXXXXXXX
:61:2007130713DR31,06NTRFNXXXXX
:86:900/00000/00XXXX-XXXXXX/000000000000/00XXXX+000000
/000000000000/00XXXX+0000000/00XXXX+XX0000000000000000/00XXXX+/XX
/00X/0000000000000000/00XXXXXXXXXXX 0.0.0000/00XXXXXXXXXXX/00XX00
/00000000000000000000/00XXXXXXXXX XX - XXXX XXX/00XXXXXXXXXXX 00 
/00XXXXXXXXX XX/00000/00XXXXXXXX(XXXXXXXXXXX) XXXX/00 XXXXXXX
:61:2007130713DR31,06NTRFNXXXXX
:86:900/00000/00XXXX-XXXXXX/000000000000/00XXXX+000000
/000000000000/00XXXX+0000000/00XXXX+XX0000000000000000/00XXXX+/XX
/00X/0000000000000000/00XXXXXXXXXXX 0.0.0000/00XXXXXXXXXXX/00XX00
/00000000000000000000/00XXXXXXXXX XX - XXXX XXX/00XXXXXXXXXXX 00 
/00XXXXXXXXX XX/00000/00XXXXXXXXXXXXXXXXXXX XXXX X/00XXXXXXXX
:61:2007130713DR31,06NTRFNXXXXX
:86:900/00000/00XXXX-XXXXXX/000000000000/00XXXX+000000
/000000000000/00XXXX+0000000/00XXXX+XX0000000000000000/00XXXX+/XX
/00X/0000000000000000/00XXXXXXXXXXX 0.0.0000/00XXXXXXXXXXX/00XX00
/00000000000000000000/00XXXXXXXXX XX - XXXX XXX/00XXXXXXXXXXX 00 
/00XXXXXXXXX XX/00000/00XXXXXXXXXXXXXXXXXXX XXXX X/00XXXXXXXX
:61:2007130713DR31,06NTRFNXXXXX
:86:900/00000/00XXXX-XXXXXX/000000000000/00XXXX+000000
/000000000000/00XXXX+0000000/00XXXX+XX0000000000000000/00XXXX+/XX
/00X/0000000000000000/00XXXXXXXXXXX 0.0.0000/00XXXXXXXXXXX/00XX00
/00000000000000000000/00XXXXXXXXX XX - XXXX XXX/00XXXXXXXXXXX 00 
/00XXXXXXXXX XX/00000/00XXXXXXXXXXXXXXXXXXX XXXX X/00XXXXXXXX
:61:2007130713DR31,06NTRFNXXXXX
:86:900/00000/00XXXX-XXXXXX/000000000000/00XXXX+000000
/000000000000/00XXXX+0000000/00XXXX+XX0000000000000000/00XXXX+/XX
/00X/0000000000000000/00XXXXXXXXXXX 0.0.0000/00XXXXXXXXXXX/00XX00
/00000000000000000000/00XXXXXXXXX XX - XXXX XXX/00XXXXXXXXXXX 00 
/00XXXXXXXXX XX/00000/00XXXXXXXXXXXXXXXXXXX XXXX X/00XXXXXXXX
:61:2007130713DR31,06NTRFNXXXXX
:86:900/00000/00XXXX-XXXXXX/000000000000/00XXXX+000000
/000000000000/00XXXX+0000000/00XXXX+XX0000000000000000/00XXXX+/XX
/00X/0000000000000000/00XXXXXXXXXXX 0.0.0000/00XXXXXXXXXXX/00XX00
/00000000000000000000/00XXXXXXXXX XX - XXXX XXX/00XXXXXXXXXXX 00 
/00XXXXXXXXX XX/00000/00XXXXXXXXXXXXXXXXXXX XXXX X/00XXXXXXXX
:61:2007130713DR31,06NTRFNXXXXX
:86:900/00000/00XXXX-XXXXXX/000000000000/00XXXX+000000
/000000000000/00XXXX+0000000/00XXXX+XX0000000000000000/00XXXX+/XX
/00X/0000000000000000/00XXXXXXXXXXX 0.0.0000/00XXXXXXXXXXX/00XX00
/00000000000000000000/00XXXXXXXXX XX - XXXX XXX/00XXXXXXXXXXX 00 
/00XXXXXXXXX XX/00000/00XXXXXXXXXXXXXXXXXXX XXXX X/00XXXXXXXX
:61:2007130713DR31,06NTRFNXXXXX
:86:900/00000/00XXXX-XXXXXX/000000000000/00XXXX+000000
/000000000000/00XXXX+0000000/00XXXX+XX0000000000000000/00XXXX+/XX
/00X/0000000000000000/00XXXXXXXXXXX 0.0.0000/00XXXXXXXXXXX/00XX00
/00000000000000000000/00XXXXXXXXX XX - XXXX XXX/00XXXXXXXXXXX 00 
/00XXXXXXXXX XX/00000/00XXXXXXXXXXXXXXXXXXX XXXX X/00XXXXXXXX
:61:2007130713DR31,06NTRFNXXXXX
:86:900/00000/00XXXX-XXXXXX/000000000000/00XXXX+000000
/000000000000/00XXXX+0000000/00XXXX+XX0000000000000000/00XXXX+/XX
/00X/0000000000000000/00XXXXXXXXXXX 0.0.0000/00XXXXXXXXXXX/00XX00
/00000000000000000000/00XXXXXXXXX XX - XXXX XXX/00XXXXXXXXXXX 00 
/00XXXXXXXXX XX/00000/00XXXXXXXXXXXXXXXXXXX XXXX X/00XXXXXXXX
:62F:C200713EUR0,00
-}{5:}
{1:F01XXXXXXXXXXXX0000000000}{2:O9400000000000BARCGB22XXXX00000000000000000000N}{3:}{4:
:20:20200713
:25:BYLADEMM/00000304325415
:28C:40195/1
:60F:C200713EUR0,00
:62F:C200713EUR0,00
-}{5:}
{1:F01XXXXXXXXXXXX0000000000}{2:O9400000000000BARCGB22XXXX00000000000000000000N}{3:}{4:
:20:20200713
:25:BYLADEMM/00000404325415
:28C:40195/1
:60F:C200713EUR0,00
:61:2007130713CR280000,00NTRFNXXXXX
:86:900/00000/00XXXXXXXX-XXXXXXXXXXXXXXX/000000000000/
/0000XXXX. XXXXXXXXXXXXXXXXXXXX/00XXXXXX00XXX/0000000000000000/00
/00XXXXXXXX XXXXXXX XXXXXXXXX/00X 0XX XXXXX 00 XXXX XXX XXX/00XXX
/00 X0 0XX/XX/00XXXXXXXX XXXXXXXXXXX XXXX
:61:2007130713DR1847,37NTRF700000
:86:900/00000/00XXXXXXXXXX XXXX/000000000000/00XXX    
/00     0000,00/00XXX XXXX:XXX         0,00/000000-00-000 00/00/0
/00000 XXXX/00+XXXXXXXXXXXX 00.00.0000/00XXXXXX00XXX/00XX00000000
/00000000000000/00XXXXXXX + XXXXXX /XXXX XXX//00XXXXXX XXX/XXX XX
/00XXXX/00XXXXXXXX XXXXXXXXXXX XXXX X/00XXXXXXX 000 / XXX. 000X X
/00X
:61:2007130713DR1873,36NTRF700000
:86:900/00000/00XXXXXXXXXX XXXX/000000000000/00XXX    
/00     0000,00/00XXX XXXX:XXX         0,00/000000-00-000 00/00/0
/00000 XXXX/00+XXXXXXXXXXXX 00.00+00.00.+/0000.00.0000/00XXXXXXXX
/00XXX/00XX00000000000000000000/00XXXXXXXXX/00XXXXXXXX XXXXXXXXXX
/00X XXXX X/00XXXXXXX 000 / XXX.000X XX
:61:2007130713DR2514,54NTRF800000
:86:900/00000/00XXXXXXXXXX XXXX/000000000000/00XXX    
/00     0000,00/00XXX XXXX:XXX         0,00/000000-00-000 00/00/0
/00000 XXXX/00+XXXXXXXXXXXX 00.00.0000/00XXXXXX00XXX/00XX00000000
/00000000000000/00XXXXXXX + XXXXXX /XXXX XXX//00XXXXXX XXX/XXX XX
/00XXXX/00XXXXXXXX XXXXXXXXXXX XXXX X/00XXXXXXX 000 / XXX. 000X X
/00X
:61:2007130713DR2632,63NTRF900000
:86:900/00000/00XXXXXXXXXX XXXX/000000000000/00XXX    
/00     0000,00/00XXX XXXX:XXX         0,00/000000-00-000 00/00/0
/00000 XXXX/00+XXXXXXXXXXXX 00.00.0000/00XXXXXX00XXX/00XX00000000
/00000000000000/00XXXXXXX + XXXXXX /XXXX XXX//00XXXXXX XXX/XXX XX
/00XXXX/00XXXXXXXX XXXXXXXXXXX XXXX X/00XXXXXXX 000 / XXX. 000X X
/00X
:61:2007130713DR2960,67NTRF100000
:86:900/00000/00XXXXXXXXXX XXXX/000000000000/00XXX    
/00     0000,00/00XXX XXXX:XXX         0,00/000000-00-000 00/00/0
/00000 XXXX/00+XXXXXXXXXXXX 00.00.0000/00XXXXXX00XXX/00XX00000000
/00000000000000/00XXXXXXX + XXXXXX /XXXX XXX//00XXXXXX XXX/XXX XX
/00XXXX/00XXXXXXXX XXXXXXXXXXX XXXX X/00XXXXXXX 000 / XXX. 000X X
/00X
:61:2007130713DR182194,38NCMIUXXXXXXXX XX  00
:86:900/00000/00XXXXXXX. XXXXXXXXXXXXXXX/000000000000/
/0000XXXXXXXXX XX  0000/0/000000/000
:61:2007130713DR26420,89NTRF100000
:86:900/00000/00XXXXXXXXXX XXXX/000000000000/00XXX    
/00    00000,00/00XXX XXXX:XXX         0,00/000000-00-000 00/00/0
/00000 XXXX/00- XXXX+XXXXXXXXXXXX 00.00./000000/00XXXXXXXX000/00X
/00X00000000000000000000/00XXXXXXXX XXXXXX XXXXXXXXXX/00X XXXX X 
/00X/00XXXXXXXX XXXXXXXXXXX XXXX X/00XXXXXXX 000 / XXX. 000X XX
:61:2007130713DR25237,82NTRF100000
:86:900/00000/00XXXXXXXXXX XXXX/000000000000/00XXX    
/00    00000,00/00XXX XXXX:XXX         0,00/000000-00-000 00/00/0
/00000 XXXX/00- XXXX+XXXXXXXXXXXX 00.00./000000/00XXXXXXXX000/00X
/00X00000000000000000000/00XXXXXXXX XXXXXX XXXXXXXXXX/00X XXXX X 
/00X/00XXXXXXXX XXXXXXXXXXX XXXX X/00XXXXXXX 000 / XXX. 000X XX
:61:2007130713DR21388,80NTRF500000
:86:900/00000/00XXXXXXXXXX XXXX/000000000000/00XXX    
/00    00000,00/00XXX XXXX:XXX         0,00/000000-00-000 00/00/0
/00000 XXXX/00- XXXX+XXXXXXXXXXXX 00.00./000000/00XXXXXXXX000/00X
/00X00000000000000000000/00XXXXXXXX XXXXXX XXXXXXXXXX/00X XXXX X 
/00X/00XXXXXXXX XXXXXXXXXXX XXXX X/00XXXXXXX 000 / XXX. 000X XX
:61:2007130713DR12929,54NTRF200000
:86:900/00000/00XXXXXXXXXX XXXX/000000000000/00XXX    
/00    00000,00/00XXX XXXX:XXX         0,00/000000-00-000 00/00/0
/00000 XXXX/00+XXXXXXXXXXXX 00.00.0000/00XXXXXXXX000/00XX00000000
/00000000000000/00XXXXXX XXXXXXXXXXXXX (0000/00)/00XXXXXXXX XXXXX
/00XXXXXX XXXX X/00XXXXXXX 000 / XXX. 000X XX
:62F:C200713EUR0,00
-}{5:}
{1:F01XXXXXXXXXXXX0000000000}{2:O9400000000000BARCGB22XXXX00000000000000000000N}{3:}{4:
:20:20200713
:25:CMCIFRPA/FR7611808009100002021351003
:28C:40195/1
:60F:C200713EUR10317,14
:62F:C200713EUR10317,14
:64:C200713EUR10317,14
-}{5:}
{1:F01XXXXXXXXXXXX0000000000}{2:O9400000000000BARCGB22XXXX00000000000000000000N}{3:}{4:
:20:20200713
:25:DNBANOKK/70010211237
:28C:40195/1
:60F:C200713NOK14003,75
:62F:C200713NOK14003,75
:64:C200713NOK14003,75
-}{5:}
{1:F01XXXXXXXXXXXX0000000000}{2:O9400000000000BARCGB22XXXX00000000000000000000N}{3:}{4:
:20:20200713
:25:ESSESESS/52018549561/THOMAS COOK CURR.
:28C:40195/1
:60F:C200713SEK192443,04
:62F:C200713SEK192443,04
:64:C200713SEK192443,04
-}{5:}
{1:F01XXXXXXXXXXXX0000000000}{2:O9400000000000BARCGB22XXXX00000000000000000000N}{3:}{4:
:20:20200713
:25:GKCCBEBB/BE52068240529109 EUR
:28C:40195/1
:60F:C200713EUR1101336,27
:61:2007130713CR3867,86NMSCNXXXXX
:86:900/00XXXXXXXX XXXXX XXXXXXXXXX XXXXXXXXXXX XXX 00
/000000000000 0000000000,0000 XXX
:61:2007130713DR34000,00NMSCNXXXXX
:86:900/00XXXXXXXX XXXXX XXXXXXXXXX XXXXXXXXXXX 000XXX
/00XX0X000 XXXXX XXXXXXXXXX XXX X0 XXXXXX XXXXXXXX XXXXXXXXX0 000
/00000
:61:2007130713CR16025,00NMSCNXXXXX
:86:900/00XXXXXXXX XXXXX XXXXXXXXXX XXXXXXXXXXX XXX 00
/000000000000 0000000000,0000 XXX
:61:2007130713CR4218,61NMSCNXXXXX
:86:900/00XXXXXXXX XXXXX XXXXXXXXXX XXXXXXXXXXX XXX 00
/000000000000 0000000000,0000 XXX
:61:2007130713DR286,08NMSCNXXXXX
:86:900/00XXXXXXXX XXXXX XXXXXXXXXX XXXXXXXXXXX XXX 00
/000000000000 0000000000,0000 XXX
:61:2007130713CR269,10NMSCNXXXXX
:86:900/00XXXXXXXX XXXXX XXXXXXXXXX XXXXXXXXXXX XXX 00
/000000000000 0000000000,0000 XXX
:61:2007130713CR11996,46NMSCNXXXXX
:86:900/00XXXXXXXX XXXXX XXXXXXXXXX XXXXXXXXXXX XXX 00
/000000000000 0000000000,0000 XXX
:61:2007130713CR4978,05NMSCNXXXXX
:86:900/00XXXXXXXX XXXXX XXXXXXXXXX XXXXXXXXXXX XXX 00
/000000000000 0000000000,0000 XXX
:61:2007130713CR1119,93NMSCNXXXXX
:86:900/00XXXXXXXX XXXXX XXXXXXXXXX XXXXXXXXXXX XXX 00
/000000000000 0000000000,0000 XXX
:61:2007130713CR6490,00NMSCNXXXXX
:86:900/00XXXXXXXX XXXXX XXXXXXXXXX XXXXXXXXXXX XXX 00
/000000000000 0000000000,0000 XXX
:61:2007130713CR27,40NMSCNXXXXX
:86:900/00XXXXXXXX XXXXX XXXXXXXXXX XXXXXXXXXXX XXX 00
/000000000000 0000000000,0000 XXX
:61:2007130713CR8,33NMSCNXXXXX
:86:900/00XXXXXXXX XXXXX XXXXXXXXXX XXXXXXXXXXX XXX 00
/000000000000 0000000000,0000 XXX
:61:2007130713CR93,33NMSCNXXXXX
:86:900/00XXXXXXXX XXXXX XXXXXXXXXX XXXXXXXXXXX XXX 00
/000000000000 0000000000,0000 XXX
:61:2007130713CR138,89NMSCNXXXXX
:86:900/00XXXXXXXX XXXXX XXXXXXXXXX XXXXXXXXXXX XXX 00
/000000000000 0000000000,0000 XXX
:61:2007130713CR286,08NMSCNXXXXX
:86:900/00XXXXXXXX XXXXX XXXXXXXXXX XXXXXXXXXXX XXX 00
/000000000000 0000000000,0000 XXX
:62F:C200713EUR1116569,23
:64:C200713EUR1116569,23
-}{5:}
{1:F01XXXXXXXXXXXX0000000000}{2:O9400000000000BARCGB22XXXX00000000000000000000N}{3:}{4:
:20:20200713
:25:GKCCBEBB/BE92068895183523 EUR
:28C:40195/1
:60F:C200713EUR24781,33
:62F:C200713EUR24781,33
:64:C200713EUR24781,33
-}{5:}
{1:F01XXXXXXXXXXXX0000000000}{2:O9400000000000BARCGB22XXXX00000000000000000000N}{3:}{4:
:20:20200713
:25:IRVTUS3N/8010000018
:28C:40195/1
:60F:C200713USD1,88
:61:2007130713CD100,00NMSCCXXXXX
0 XXXX XXXXXXXXXXX
:61:2007130713DD11470,00NMSC.
000 XXXXXXXX XXXX XXXXXXX
:61:2007130713CD13328238,00NMSCRXX XXX   000000
XXXXXX XXX XXXXXXXXX XXXXXX
:61:2007130713CD10,92NINT.
XXX XXXXXX XXXX  000000( 0.00000 )
:61:2007130713DD13319649,00NTRFRXXX  0.00000
XXXXXX XXX XXXXXXXXXX
:61:2007130713CD2770,00NTRF000000000
X/X,0000000000     XX XXXX XXXXX
:86:900/00X/X:0000000000         000 XXXXXXX XXXXXX   
/00              XXX XXXX, XX 00000X/X:XXXX XX XXX XXXX XXXXXX   
/00          000-000-0000XXXX:XXXXX XXXXXXXX XXX XXXXXXX XXXXX 00
/00XX XXXX 0000
:62F:C200713USD1,80
:64:C200713USD1,80
-}{5:}
{1:F01XXXXXXXXXXXX0000000000}{2:O9400000000000BARCGB22XXXX00000000000000000000N}{3:}{4:
:20:20200713
:25:IRVTUS3N/8010000026
:28C:40195/1
:60F:C200713USD1,00
:61:2007130713CD0,93NINT.
XXX XXXXXX XXXX  000000( 0.00000 )
:61:2007130713CD1122936,00NMSCRXX XXX   000000
XXXXXX XXX XXXXXXXXX XXXXXX
:61:2007130713CD11200,00NTRFPXX0000000
X/X:XXXXXXXX XXXXXX XXX XXXXXXXXX
:86:900/00X/X:/0000000000                        XXXXX
/00XXX XXXXXX XXX XXXXXXXXX XXXXXXXXXXXXXX XXXXX                 
/00   XXXXXXXXXXXX
:61:2007130713DD1128546,00NTRFRXXX  0.00000
XXXXXX XXX XXXXXXXXXX
:61:2007130713DD5590,00NMSC.
00 XXXXXXXX XXXXXXXXXX XXX
:62F:C200713USD1,93
:64:C200713USD1,93
-}{5:}
{1:F01XXXXXXXXXXXX0000000000}{2:O9400000000000BARCGB22XXXX00000000000000000000N}{3:}{4:
:20:20200713
:25:IRVTUS3N/8033004304
:28C:40195/1
:60F:C200713NZD67913,68
:62F:C200713NZD67913,68
:64:C200713NZD67913,68
-}{5:}
{1:F01XXXXXXXXXXXX0000000000}{2:O9400000000000BARCGB22XXXX00000000000000000000N}{3:}{4:
:20:20200713
:25:IRVTUS3N/8033008881
:28C:40195/1
:60F:C200713BHD15290,47
:62F:C200713BHD15290,47
:64:C200713BHD15290,47
-}{5:}
{1:F01XXXXXXXXXXXX0000000000}{2:O9400000000000BARCGB22XXXX00000000000000000000N}{3:}{4:
:20:20200713
:25:IRVTUS3N/8033010266
:28C:40195/1
:60F:C200713QAR36848,48
:62F:C200713QAR36848,48
:64:C200713QAR36848,48
-}{5:}
{1:F01XXXXXXXXXXXX0000000000}{2:O9400000000000BARCGB22XXXX00000000000000000000N}{3:}{4:
:20:20200713
:25:IRVTUS3N/8033010274
:28C:40195/1
:60F:C200713TRY487242,30
:62F:C200713TRY487242,30
:64:C200713TRY487242,30
-}{5:}
{1:F01XXXXXXXXXXXX0000000000}{2:O9400000000000BARCGB22XXXX00000000000000000000N}{3:}{4:
:20:20200713
:25:IRVTUS3N/8033825324
:28C:40195/1
:60F:C200713CHF101385,21
:62F:C200713CHF101385,21
:64:C200713CHF101385,21
-}{5:}
{1:F01XXXXXXXXXXXX0000000000}{2:O9400000000000BARCGB22XXXX00000000000000000000N}{3:}{4:
:20:20200713
:25:IRVTUS3N/8033842261
:28C:40195/1
:60F:C200713AED501293,93
:62F:C200713AED501293,93
:64:C200713AED501293,93
-}{5:}
{1:F01XXXXXXXXXXXX0000000000}{2:O9400000000000BARCGB22XXXX00000000000000000000N}{3:}{4:
:20:20200713
:25:IRVTUS3N/8033846836
:28C:40195/1
:60F:C200713TRY27960,76
:62F:C200713TRY27960,76
:64:C200713TRY27960,76
-}{5:}
{1:F01XXXXXXXXXXXX0000000000}{2:O9400000000000BARCGB22XXXX00000000000000000000N}{3:}{4:
:20:20200713
:25:IRVTUS3N/8033848340
:28C:40195/1
:60F:C200713AED40839,57
:62F:C200713AED40839,57
:64:C200713AED40839,57
-}{5:}
{1:F01XXXXXXXXXXXX0000000000}{2:O9400000000000BARCGB22XXXX00000000000000000000N}{3:}{4:
:20:20200713
:25:IRVTUS3N/8033848359
:28C:40195/1
:60F:C200713BHD5455,93
:62F:C200713BHD5455,93
:64:C200713BHD5455,93
-}{5:}
{1:F01XXXXXXXXXXXX0000000000}{2:O9400000000000BARCGB22XXXX00000000000000000000N}{3:}{4:
:20:20200713
:25:IRVTUS3N/8033848367
:28C:40195/1
:60F:C200713FJD7372,59
:62F:C200713FJD7372,59
:64:C200713FJD7372,59
-}{5:}
{1:F01XXXXXXXXXXXX0000000000}{2:O9400000000000BARCGB22XXXX00000000000000000000N}{3:}{4:
:20:20200713
:25:IRVTUS3N/8033848375
:28C:40195/1
:60F:C200713ILS17908,24
:62F:C200713ILS17908,24
:64:C200713ILS17908,24
-}{5:}
{1:F01XXXXXXXXXXXX0000000000}{2:O9400000000000BARCGB22XXXX00000000000000000000N}{3:}{4:
:20:20200713
:25:IRVTUS3N/8033848383
:28C:40195/1
:60F:C200713ISK6403267,
:62F:C200713ISK6403267,
:64:C200713ISK6403267,
-}{5:}
{1:F01XXXXXXXXXXXX0000000000}{2:O9400000000000BARCGB22XXXX00000000000000000000N}{3:}{4:
:20:20200713
:25:IRVTUS3N/8033848391
:28C:40195/1
:60F:C200713KES18338917,10
:62F:C200713KES18338917,10
:64:C200713KES18338917,10
-}{5:}
{1:F01XXXXXXXXXXXX0000000000}{2:O9400000000000BARCGB22XXXX00000000000000000000N}{3:}{4:
:20:20200713
:25:IRVTUS3N/8033848405
:28C:40195/1
:60F:C200713KWD112869,82
:62F:C200713KWD112869,82
:64:C200713KWD112869,82
-}{5:}
{1:F01XXXXXXXXXXXX0000000000}{2:O9400000000000BARCGB22XXXX00000000000000000000N}{3:}{4:
:20:20200713
:25:IRVTUS3N/8033848413
:28C:40195/1
:60F:C200713MUR162005,28
:62F:C200713MUR162005,28
:64:C200713MUR162005,28
-}{5:}
{1:F01XXXXXXXXXXXX0000000000}{2:O9400000000000BARCGB22XXXX00000000000000000000N}{3:}{4:
:20:20200713
:25:IRVTUS3N/8033848421
:28C:40195/1
:60F:C200713MXN292319,68
:62F:C200713MXN292319,68
:64:C200713MXN292319,68
-}{5:}
{1:F01XXXXXXXXXXXX0000000000}{2:O9400000000000BARCGB22XXXX00000000000000000000N}{3:}{4:
:20:20200713
:25:IRVTUS3N/8033848448
:28C:40195/1
:60F:C200713OMR5558,82
:62F:C200713OMR5558,82
:64:C200713OMR5558,82
-}{5:}
{1:F01XXXXXXXXXXXX0000000000}{2:O9400000000000BARCGB22XXXX00000000000000000000N}{3:}{4:
:20:20200713
:25:IRVTUS3N/8033848456
:28C:40195/1
:60F:C200713PHP22089,82
:62F:C200713PHP22089,82
:64:C200713PHP22089,82
-}{5:}
{1:F01XXXXXXXXXXXX0000000000}{2:O9400000000000BARCGB22XXXX00000000000000000000N}{3:}{4:
:20:20200713
:25:IRVTUS3N/8033848464
:28C:40195/1
:60F:C200713QAR9484,16
:62F:C200713QAR9484,16
:64:C200713QAR9484,16
-}{5:}
{1:F01XXXXXXXXXXXX0000000000}{2:O9400000000000BARCGB22XXXX00000000000000000000N}{3:}{4:
:20:20200713
:25:IRVTUS3N/8033848472
:28C:40195/1
:60F:C200713SAR541021,33
:62F:C200713SAR541021,33
:64:C200713SAR541021,33
-}{5:}
{1:F01XXXXXXXXXXXX0000000000}{2:O9400000000000BARCGB22XXXX00000000000000000000N}{3:}{4:
:20:20200713
:25:IRVTUS3N/8033848499
:28C:40195/1
:60F:C200713TND8501,90
:62F:C200713TND8501,90
:64:C200713TND8501,90
-}{5:}
{1:F01XXXXXXXXXXXX0000000000}{2:O9400000000000BARCGB22XXXX00000000000000000000N}{3:}{4:
:20:20200713
:25:IRVTUS3N/8033871903
:28C:40195/1
:60F:C200713CAD23564,28
:62F:C200713CAD23564,28
:64:C200713CAD23564,28
-}{5:}
{1:F01XXXXXXXXXXXX0000000000}{2:O9400000000000BARCGB22XXXX00000000000000000000N}{3:}{4:
:20:20200713
:25:IRVTUS3N/8033871911
:28C:40195/1
:60F:C200713EUR12082,54
:61:2007130713CR375,32NTRF00XX000000000000
XXX XXXX: XXXXXXXXXX XXXXXXX XXXXX
:86:900/00XXX XXX: 00XX000000000000
:62F:C200713EUR12457,86
:64:C200713EUR12457,86
-}{5:}
{1:F01XXXXXXXXXXXX0000000000}{2:O9400000000000BARCGB22XXXX00000000000000000000N}{3:}{4:
:20:20200713
:25:IRVTUS3N/8033871938
:28C:40195/1
:60F:C200713GBP22725,06
:62F:C200713GBP22725,06
:64:C200713GBP22725,06
-}{5:}
{1:F01XXXXXXXXXXXX0000000000}{2:O9400000000000BARCGB22XXXX00000000000000000000N}{3:}{4:
:20:20200713
:25:IRVTUS3N/8033871946
:28C:40195/1
:60F:C200713JPY2244996,
:62F:C200713JPY2244996,
:64:C200713JPY2244996,
-}{5:}
{1:F01XXXXXXXXXXXX0000000000}{2:O9400000000000BARCGB22XXXX00000000000000000000N}{3:}{4:
:20:20200713
:25:IRVTUS3N/8033871954
:28C:40195/1
:60F:C200713HKD24267,54
:61:2007130713CD29139,70NTRFHX000000XXXXXXX0
XXX XXXX: XXXXXXXXXX XXXXXXX XXXXX
:86:900/00XXX XXX: XX000000XXXXXXX0
:62F:C200713HKD53407,24
:64:C200713HKD53407,24
-}{5:}
{1:F01XXXXXXXXXXXX0000000000}{2:O9400000000000BARCGB22XXXX00000000000000000000N}{3:}{4:
:20:20200713
:25:IRVTUS3N/8033871962
:28C:40195/1
:60F:C200713SGD28442,38
:62F:C200713SGD28442,38
:64:C200713SGD28442,38
-}{5:}
{1:F01XXXXXXXXXXXX0000000000}{2:O9400000000000BARCGB22XXXX00000000000000000000N}{3:}{4:
:20:20200713
:25:IRVTUS3N/8033871970
:28C:40195/1
:60F:C200713THB4737916,01
:62F:C200713THB4737916,01
:64:C200713THB4737916,01
-}{5:}
{1:F01XXXXXXXXXXXX0000000000}{2:O9400000000000BARCGB22XXXX00000000000000000000N}{3:}{4:
:20:20200713
:25:IRVTUS3N/8033872438
:28C:40195/1
:60F:C200713CHF7521,41
:62F:C200713CHF7521,41
:64:C200713CHF7521,41
-}{5:}
{1:F01XXXXXXXXXXXX0000000000}{2:O9400000000000BARCGB22XXXX00000000000000000000N}{3:}{4:
:20:20200713
:25:IRVTUS3N/8033872446
:28C:40195/1
:60F:C200713ZAR105906,57
:62F:C200713ZAR105906,57
:64:C200713ZAR105906,57
-}{5:}
{1:F01XXXXXXXXXXXX0000000000}{2:O9400000000000BARCGB22XXXX00000000000000000000N}{3:}{4:
:20:20200713
:25:IRVTUS3N/8033874325
:28C:40195/1
:60F:C200713MXN395047,63
:61:2007130713DN65013,66NTRFMXX0000-0
XX XXXXX: XXX XXX XXXXXXXX
:62F:C200713MXN330033,97
:64:C200713MXN330033,97
-}{5:}
{1:F01XXXXXXXXXXXX0000000000}{2:O9400000000000BARCGB22XXXX00000000000000000000N}{3:}{4:
:20:20200713
:25:IRVTUS3N/8033887958
:28C:40195/1
:60F:C200713THB399242,19
:62F:C200713THB399242,19
:64:C200713THB399242,19
-}{5:}
{1:F01XXXXXXXXXXXX0000000000}{2:O9400000000000BARCGB22XXXX00000000000000000000N}{3:}{4:
:20:20200713
:25:IRVTUS3N/8900273909
:28C:40195/1
:60F:C200713USD738875,74
:62F:C200713USD738875,74
:64:C200713USD738875,74
-}{5:}
{1:F01XXXXXXXXXXXX0000000000}{2:O9400000000000BARCGB22XXXX00000000000000000000N}{3:}{4:
:20:20200713
:25:IRVTUS3N/8900482710
:28C:40195/1
:60F:D200713USD1768788,28
:61:2007130713CD118911,34NTRFUXXX00000X000000
X/X:XXXX/XXXXXX0X
:86:900/00X/X:XXXX/XXXXXX0XX/X:XXXX/XXXXXX0X
:61:2007130713CD855000,00NTRFRXX XXXX
X/X:XXXXXXX XXXXXXXXXXXXXXXXXXXXXX
:86:900/00X/X:XXXXXXX XXXXXXXXXXXXXXXXXXXXXXXX    XXXX
/00XXXX XX XXXXXX 000000
:62F:D200713USD794876,94
:64:D200713USD794876,94
-}{5:}
{1:F01XXXXXXXXXXXX0000000000}{2:O9400000000000BARCGB22XXXX00000000000000000000N}{3:}{4:
:20:20200713
:25:IRVTUS3N/8900487356
:28C:40195/1
:60F:C200713USD1,47
:61:2007130713DD796531,00NTRFRXXX  0.00000
XXXXXX XXX XXXXXXXXXX
:61:2007130713CD37,44NTRFCXXX XXXX 000000
X/X:XXXXXXX XXXXX XXXXXXX (XXXXXX)
:86:900/00X/X:XXXXXXX XXXXX XXXXXXX (XXXXXX) XXX 00-00
/00, XXX XX XX XXXXXXXX         XXXXX,00000                      
/00  XXXXXXXXX XX 00000X/X:XXXX/XXXXXX00XXXX:XX000 XX XXXXX XXXXX
/00XXXXX
:61:2007130713CD0,69NINT.
XXX XXXXXX XXXX  000000( 0.00000 )
:61:2007130713CD15668,29NTRFMXXXXXXXXX
X/X:XXXXXXXXXX XXXXXXX XXXXXXXXXX
:86:900/00X/X:XXXXXXXXXX XXXXXXX XXXXXXXXXX XXXXXXXXXX
/00X XXXXX, XXXXXX XXXX         XXXXXXXXXXXX                     
/00  XX0 0XX XX XXX/X:XXXX/XXXXXX0X
:61:2007130713CD824096,00NMSCRXX XXX   000000
XXXXXX XXX XXXXXXXXX XXXXXX
:61:2007130713DD3,70NTRFFXX000000
X/X:XXXXXXXX XXXXXXX
:86:900/00X/X:/0000000000                         XXXX
/00XXXXXXXXXXX:XXXXXXXX XXXXX XXXX XXXXXXXX        XXX XXXX XXX X
/00XXX 00000X/X:/00000000000000                     XXXXXXX
:61:2007130713DD2455,56NTRFFXX000000
X/X:XXXXXXXX XXXXXXX
:86:900/00X/X:/0000000000                         XXXX
/00XXXXXXXXXXX:XXXX XX XXXXXXX X.X.                XXX XXXX, X.X.
/00 00000X/X:/0000000000                         XXXXXXX
:61:2007130713DD40812,18NTRFFXX000000
X/X:XXXXXXXX XXXXXXX
:86:900/00X/X:/0000000000                         XXXX
/00XXXXXXXXXXX:XXXXXXXX XXXXX XXXX XXXXXXXX        XXX XXXX XXX X
/00XXX 00000X/X:/00000000000000                     XXX XXXX
:62F:C200713USD1,45
:64:C200713USD1,45
-}{5:}
{1:F01XXXXXXXXXXXX0000000000}{2:O9400000000000BARCGB22XXXX00000000000000000000N}{3:}{4:
:20:20200713
:25:IRVTUS3N/8900545860
:28C:40195/1
:60F:C200713USD0,00
:61:2007130713DD2770,00NTRFDXX0000000000000
XXX,XXXXXXXXXXXX XXXXXXXX XXX XXXX
:86:900/00X/X:XXXX XX XXX XXXX XXXXXX             000-
/00000-0000XXX:XXXXXXXXXXXX XXXXXXXX XXXXXXX (XXX) XXXXXX, XXXXXX
/00X XX0X 0XXXXXX:XXXXX XXXXXXXX XXX XXXXXXX XXXXX 00XX XXXX 0000
:61:2007130713CD2770,00NTRFF0X0000000000000
X/X:XXXXXXXXXXXX XXXXXXXX XXX XXX
:86:900/00X/X:/0000000000                        XXXXX
/00XXXXXXX XXXXXXXX XXXXXX 0000000 XXXXXXXX                      
/00  XXXXXX  XXXXXXX XX0XX/X:/XXX XXXXXX                         
/00000-000-0000XXXX:XXXXXXXX XXXXX XXX XX XXXXXX XXXXX 00XX XXXX 
/000000/XXXXXXXXXXXXX XXX XX XXXXXX XXXXX 00XX XXXX 0000XXX XXXX 
/00XXX:XXX00000000
:62F:C200713USD0,00
:64:C200713USD0,00
-}{5:}
{1:F01XXXXXXXXXXXX0000000000}{2:O9400000000000BARCGB22XXXX00000000000000000000N}{3:}{4:
:20:20200713
:25:IRVTUS3N/8900560371
:28C:40195/1
:60F:C200713USD1,48
:61:2007130713DD81,49NTRFCX0000-XXX
X/X:XXXXXXXX XXXXXXXX XXXXXXXX XXX
:86:900/00X/X:/0000000000                         XXX 
/00XXXXXXX:XXXX XX XXXXXXX, X.X.               XXX XXXX XXX XXXX 
/0000000X/X:/0000000000                         XXXXX XXXXXXXXXXX
/00X:00000-XXXXXXXX XXX XXX XXXXX XXXXXX
:61:2007130713CD1482106,76NTRFO/X XXXX XXXX XX
X/X:XXXX/0000000
:86:900/00X/X:XXXX/0000000                       0/XXX
/00X-XXXX XXXXX XXX         0/0000 X XX XX  XXXXX 000          0/
/00XXXXXXXXXX, XX 0000XXXX:00000000000 XXXXXX XXXXXXX
:61:2007130713DD4341387,00NTRFRXXX  0.00000
XXXXXX XXX XXXXXXXXXX
:61:2007130713DD52751,99NTRF000000000000000
000000 XXXXX XXXXXXXXXX XXX/XXXXX
:61:2007130713DD1537770,73NTRFPXX0000000
X/X:XXXXXXXX XXXXXXXX XXXXXXXX XXX
:86:900/00X/X:/0000000000                         XXXX
/00XXXXXX:XXXXXXXX XXXX XXX                   XXX XXXX X X 00000X
/00/X:XXXXXXXX XXXX XXX                   XXXXXX XX0 XXX, XXXXXXX
/00XXX:/XX00XXXX00000000000000             XXXXXX
:61:2007130713CD3,66NINT.
XXX XXXXXX XXXX  000000( 0.00000 )
:61:2007130713CD4449881,00NMSCRXX XXX   000000
XXXXXX XXX XXXXXXXXX XXXXXX
:62F:C200713USD1,69
:64:C200713USD1,69
-}{5:}
{1:F01XXXXXXXXXXXX0000000000}{2:O9400000000000BARCGB22XXXX00000000000000000000N}{3:}{4:
:20:20200713
:25:IRVTUS3N/8900608714
:28C:40195/1
:60F:C200713USD26761,30
:62F:C200713USD26761,30
:64:C200713USD26761,30
-}{5:}
{1:F01XXXXXXXXXXXX0000000000}{2:O9400000000000BARCGB22XXXX00000000000000000000N}{3:}{4:
:20:20200713
:25:IRVTUS3N/8900719346
:28C:40195/1
:60F:C200713USD1,04
:61:2007130713DD346928,00NTRFRXXX  0.00000
XXXXXX XXX XXXXXXXXXX
:61:2007130713CD346928,00NMSCRXX XXX   000000
XXXXXX XXX XXXXXXXXX XXXXXX
:61:2007130713CD0,27NINT.
XXX XXXXXX XXXX  000000( 0.00000 )
:62F:C200713USD1,31
:64:C200713USD1,31
-}{5:}
{1:F01XXXXXXXXXXXX0000000000}{2:O9400000000000BARCGB22XXXX00000000000000000000N}{3:}{4:
:20:20200713
:25:KREDBEBB/BE59474903612126EUR
:28C:40195/1
:60F:C200713EUR333623,83
:61:2007130713CR3,20N10300000000000000X0
XXXXXXXXXXX
:86:900/00XXXXX-XXXXXX XXXXXXXXXXXXXXX XXXXX XXXXXXX X
/00XXXXXXX XXXXXX 0XXXX XXXX XX000 XX XXXXX XXXXXXXXXX
:61:2007130713DR824,91NDDTNXXXXX
XXXXXXXXXXX
:86:900/00/XXXX/000                                /XX
/00XX//XX/00000000000XX0000000               /XXXX/XXXXXXXXXXX XX
/00XXX                    /XXXX/XX 0000000,0000000               
/00                    /XXXX/XX00XXX0000000000           /XXXX/  
/00  /XXXX/                                     /
:62F:C200713EUR332802,12
:64:C200713EUR332802,12
-}{5:}
{1:F01XXXXXXXXXXXX0000000000}{2:O9400000000000BARCGB22XXXX00000000000000000000N}{3:}{4:
:20:20200713
:25:NATAAU3304B/084004686794326
:28C:40195/1
:60F:C200713AUD2749,50
:62F:C200713AUD2749,50
-}{5:}
{1:F01XXXXXXXXXXXX0000000000}{2:O9400000000000BARCGB22XXXX00000000000000000000N}{3:}{4:
:20:20200713
:25:NATXFRPP/FR7630007999990618640800083EUR
:28C:40195/1
:60F:C200713EUR40449,19
:62F:C200713EUR40449,19
:64:C200713EUR40449,19
-}{5:}
{1:F01XXXXXXXXXXXX0000000000}{2:O9400000000000BARCGB22XXXX00000000000000000000N}{3:}{4:
:20:20200713
:25:SOGEFRPP/300030497000001058733
:28C:40195/1
:60F:C200713EUR204699,12
:61:2007130713CR673,92NTRFEXXX
00
:86:900/00/XX000/XXXXXX XXXXXXXXX XXXXXXXXXXXX XXXX0XX
/00XXXXXXX XX/XXXX//XXXX/XXXXXXXXX XX
:61:2007130713DR10471,16NTRF5000000000000000
00
:86:900/00/XX000/XXXXXX XXXXXXXXX XXXX000000 XXX XXXXX
/00XXX XXXX   XXX/XXXX//XXXX/X0X
:61:2007130713DR22,91NDDTEXXX
X0
:86:900/00/XX0X0/XXXXXXXXXXXX XXXX XXXXXXXXXX/XXX/0000
/000000XXXXXXXXX XX . XXX
:61:2007130713DR22,91NDDTEXXX
X0
:86:900/00/XX0X0/XXXXXXXXXXXX XXXX XXXXXXXXXX/XXX/0000
/000000XXXXXXXXX XX . XXX
:61:2007130713DR22,91NDDTEXXX
X0
:86:900/00/XX0X0/XXXXXXXXXXXX XXXX XXXXXXXXXX/XXX/0000
/000000XXXXXXXXX XX . XXX
:61:2007130713DR22,91NDDTEXXX
X0
:86:900/00/XX0X0/XXXXXXXXXXXX XXXX XXXXXXXXXX/XXX/0000
/000000XXXXXXXXX XX . XXX
:61:2007130713DR22,91NDDTEXXX
X0
:86:900/00/XX0X0/XXXXXXXXXXXX XXXX XXXXXXXXXX/XXX/0000
/000000XXXXXXXXX XX . XXX
:61:2007130713DR22,91NDDTEXXX
X0
:86:900/00/XX0X0/XXXXXXXXXXXX XXXX XXXXXXXXXX/XXX/0000
/000000XXXXXXXXX XX . XXX
:61:2007130713DR22,91NDDTEXXX
X0
:86:900/00/XX0X0/XXXXXXXXXXXX XXXX XXXXXXXXXX/XXX/0000
/000000XXXXXXXXX XX . XXX
:61:2007130713DR22,91NDDTEXXX
X0
:86:900/00/XX0X0/XXXXXXXXXXXX XXXX XXXXXXXXXX/XXX/0000
/000000XXXXXXXXX XX . XXX
:61:2007130713DR22,91NDDTEXXX
X0
:86:900/00/XX0X0/XXXXXXXXXXXX XXXX XXXXXXXXXX/XXX/0000
/000000XXXXXXXXX XX . XXX
:61:2007100711DR0,21NCOMNXXXXX
00
:86:900/00XXXXX XXX XXXXX. XXXX
:61:2007130713CR229122,35NTRFEXXX
00
:86:900/00/XX000/XXXXXX XXXXXXXXX XXXXX000000000 XXXXX
/00XXX XXX XX XXXXX
:61:2007130713DR22,91NDDTEXXX
X0
:86:900/00/XX0X0/XXXXXXXXXXXX XXXX XXXXXXXXXX/XXX/0000
/000000XXXXXXXXX XX . XXX
:61:2007130713DR22,91NDDTEXXX
X0
:86:900/00/XX0X0/XXXXXXXXXXXX XXXX XXXXXXXXXX/XXX/0000
/000000XXXXXXXXX XX . XXX
:61:2007130713DR22,91NDDTEXXX
X0
:86:900/00/XX0X0/XXXXXXXXXXXX XXXX XXXXXXXXXX/XXX/0000
/000000XXXXXXXXX XX . XXX
:61:2007130713DR22,91NDDTEXXX
X0
:86:900/00/XX0X0/XXXXXXXXXXXX XXXX XXXXXXXXXX/XXX/0000
/000000XXXXXXXXX XX . XXX
:61:2007130713DR585,00NDDTEXXX
X0
:86:900/00/XX0X0/XXXXXXXXXXXX XXXX XXXXXXXXXXXXXXX.000
/000000XXXXX XXXXXXX XXXX
:61:2007130713DR417,76NDDTEXXX
X0
:86:900/00/XX0X0/XXXXXXXXXXXX XXXX XXXXXXXXXXXXXXXX XX
/00XXXXXXX/XXXX/XXXX/XXXX//XXXX/XXX/XXXX/XX00XXX000000
:61:2007130713DR91,64NDDTEXXX
X0
:86:900/00/XX0X0/XXXXXXXXXXXX XXXX XXXXXXXXXX/XXX/0000
/000000XXXXXXXXX XX . XXX
:61:2007130713DR69,51NDDTEXXX
X0
:86:900/00/XX0X0/XXXXXXXXXXXX XXXX XXXXXXXXXX/XXX/0000
/000000XXXXXXXXX XX . XXX
:61:2007130713DR68,73NDDTEXXX
X0
:86:900/00/XX0X0/XXXXXXXXXXXX XXXX XXXXXXXXXX/XXX/0000
/000000XXXXXXXXX XX . XXX
:61:2007130713DR68,73NDDTEXXX
X0
:86:900/00/XX0X0/XXXXXXXXXXXX XXXX XXXXXXXXXX/XXX/0000
/000000XXXXXXXXX XX . XXX
:61:2007130713DR49,78NDDTEXXX
X0
:86:900/00/XX0X0/XXXXXXXXXXXX XXXX XXXXXXXXXX/XXX/0000
/000000XXXXXXXXX XX . XXX
:61:2007130713DR48,64NDDTEXXX
X0
:86:900/00/XX0X0/XXXXXXXXXXXX XXXX XXXXXXXXXX/XXX/0000
/000000XXXXXXXXX XX . XXX
:61:2007130713DR45,88NDDTEXXX
X0
:86:900/00/XX0X0/XXXXXXXXXXXX XXXX XXXXXXXXXX/XXX/0000
/000000XXXXXXXXX XX . XXX
:61:2007130713DR45,82NDDTEXXX
X0
:86:900/00/XX0X0/XXXXXXXXXXXX XXXX XXXXXXXXXX/XXX/0000
/000000XXXXXXXXX XX . XXX
:61:2007130713DR45,82NDDTEXXX
X0
:86:900/00/XX0X0/XXXXXXXXXXXX XXXX XXXXXXXXXX/XXX/0000
/000000XXXXXXXXX XX . XXX
:61:2007130713DR45,82NDDTEXXX
X0
:86:900/00/XX0X0/XXXXXXXXXXXX XXXX XXXXXXXXXX/XXX/0000
/000000XXXXXXXXX XX . XXX
:61:2007130713DR45,82NDDTEXXX
X0
:86:900/00/XX0X0/XXXXXXXXXXXX XXXX XXXXXXXXXX/XXX/0000
/000000XXXXXXXXX XX . XXX
:61:2007130713DR27,35NDDTEXXX
X0
:86:900/00/XX0X0/XXXXXXXXXXXX XXXX XXXXXXXXXX/XXX/0000
/000000XXXXXXXXX XX . XXX
:61:2007130713DR24,71NDDTEXXX
X0
:86:900/00/XX0X0/XXXXXXXXXXXX XXXX XXXXXXXXXX/XXX/0000
/000000XXXXXXXXX XX . XXX
:61:2007130713DR24,71NDDTEXXX
X0
:86:900/00/XX0X0/XXXXXXXXXXXX XXXX XXXXXXXXXX/XXX/0000
/000000XXXXXXXXX XX . XXX
:61:2007130713DR24,65NDDTEXXX
X0
:86:900/00/XX0X0/XXXXXXXXXXXX XXXX XXXXXXXXXX/XXX/0000
/000000XXXXXXXXX XX . XXX
:61:2007130713DR24,41NDDTEXXX
X0
:86:900/00/XX0X0/XXXXXXXXXXXX XXXX XXXXXXXXXX/XXX/0000
/000000XXXXXXXXX XX . XXX
:61:2007130713DR22,91NDDTEXXX
X0
:86:900/00/XX0X0/XXXXXXXXXXXX XXXX XXXXXXXXXX/XXX/0000
/000000XXXXXXXXX XX . XXX
:61:2007130713DR22,91NDDTEXXX
X0
:86:900/00/XX0X0/XXXXXXXXXXXX XXXX XXXXXXXXXX/XXX/0000
/000000XXXXXXXXX XX . XXX
:61:2007130713DR22,91NDDTEXXX
X0
:86:900/00/XX0X0/XXXXXXXXXXXX XXXX XXXXXXXXXX/XXX/0000
/000000XXXXXXXXX XX . XXX
:61:2007130713DR22,91NDDTEXXX
X0
:86:900/00/XX0X0/XXXXXXXXXXXX XXXX XXXXXXXXXX/XXX/0000
/000000XXXXXXXXX XX . XXX
:61:2007130713DR22,91NDDTEXXX
X0
:86:900/00/XX0X0/XXXXXXXXXXXX XXXX XXXXXXXXXX/XXX/0000
/000000XXXXXXXXX XX . XXX
:61:2007130713DR22,91NDDTEXXX
X0
:86:900/00/XX0X0/XXXXXXXXXXXX XXXX XXXXXXXXXX/XXX/0000
/000000XXXXXXXXX XX . XXX
:61:2007130713DR22,91NDDTEXXX
X0
:86:900/00/XX0X0/XXXXXXXXXXXX XXXX XXXXXXXXXX/XXX/0000
/000000XXXXXXXXX XX . XXX
:61:2007130713DR22,91NDDTEXXX
X0
:86:900/00/XX0X0/XXXXXXXXXXXX XXXX XXXXXXXXXX/XXX/0000
/000000XXXXXXXXX XX . XXX
:61:2007130713DR22,91NDDTEXXX
X0
:86:900/00/XX0X0/XXXXXXXXXXXX XXXX XXXXXXXXXX/XXX/0000
/000000XXXXXXXXX XX . XXX
:61:2007130713DR22,91NDDTEXXX
X0
:86:900/00/XX0X0/XXXXXXXXXXXX XXXX XXXXXXXXXX/XXX/0000
/000000XXXXXXXXX XX . XXX
:61:2007130713DR22,91NDDTEXXX
X0
:86:900/00/XX0X0/XXXXXXXXXXXX XXXX XXXXXXXXXX/XXX/0000
/000000XXXXXXXXX XX . XXX
:61:2007130713DR22,91NDDTEXXX
X0
:86:900/00/XX0X0/XXXXXXXXXXXX XXXX XXXXXXXXXX/XXX/0000
/000000XXXXXXXXX XX . XXX
:61:2007130713DR22,91NDDTEXXX
X0
:86:900/00/XX0X0/XXXXXXXXXXXX XXXX XXXXXXXXXX/XXX/0000
/000000XXXXXXXXX XX . XXX
:61:2007130713DR22,91NDDTEXXX
X0
:86:900/00/XX0X0/XXXXXXXXXXXX XXXX XXXXXXXXXX/XXX/0000
/000000XXXXXXXXX XX . XXX
:61:2007130713DR22,91NDDTEXXX
X0
:86:900/00/XX0X0/XXXXXXXXXXXX XXXX XXXXXXXXXX/XXX/0000
/000000XXXXXXXXX XX . XXX
:61:2007130713DR22,91NDDTEXXX
X0
:86:900/00/XX0X0/XXXXXXXXXXXX XXXX XXXXXXXXXX/XXX/0000
/000000XXXXXXXXX XX . XXX
:61:2007130713DR22,91NDDTEXXX
X0
:86:900/00/XX0X0/XXXXXXXXXXXX XXXX XXXXXXXXXX/XXX/0000
/000000XXXXXXXXX XX . XXX
:61:2007130713DR22,91NDDTEXXX
X0
:86:900/00/XX0X0/XXXXXXXXXXXX XXXX XXXXXXXXXX/XXX/0000
/000000XXXXXXXXX XX . XXX
:62F:C200713EUR421559,03
:64:C200713EUR421559,03
-}{5:}
{1:F01XXXXXXXXXXXX0000000000}{2:O9400000000000BARCGB22XXXX00000000000000000000N}{3:}{4:
:20:20200713
:25:SOGEFRPP/300030497000001090926
:28C:40195/1
:60F:C200713EUR13986,86
:61:2007130713CR1508,75NTRFNXXXXX
00
:86:900/00/XX000/XXXXXX XXXXXXXXX XXXXX
:61:2007130713CR242642,16NTRFNXXXXX
00
:86:900/00/XX000/XXXXXXXXXX XXXXX00000.000/000XXX XXXX
/00XXXX XXXXX
:62F:C200713EUR258137,77
:64:C200713EUR258137,77
-}{5:}
{1:F01XXXXXXXXXXXX0000000000}{2:O9400000000000BARCGB22XXXX00000000000000000000N}{3:}{4:
:20:20200713
:25:SOGEFRPP/300030497000001102374
:28C:40195/1
:60F:C200713EUR68017,76
:61:2007130713DR2927,67NDDTEXXX
X0
:86:900/00/XX0X0/XXXXXXXXXXXX XXXX XXXXXXXXXX000000000
/000000XXXXXXXX XXXXXXX
:61:2007100713DR175,74NCHK0000000
00
:86:900/00XXXXXX    0000
:61:2007130713DR57,60NDDTEXXX
X0
:86:900/00/XX0X0/XXXXXXXXXXXX XXXX XXXXXXXXXX000000000
/000000XXXXXXXX XXXXXXX
:61:2007130713DR1354,91NDDTEXXX
X0
:86:900/00/XX0X0/XXXXXXXXXXXX XXXX XXXXXXXXXX000000000
/000000XXXXXXXX XXXXXXX
:62F:C200713EUR63501,84
:64:C200713EUR63501,84
-}{5:}
{1:F01XXXXXXXXXXXX0000000000}{2:O9400000000000BARCGB22XXXX00000000000000000000N}{3:}{4:
:20:20200713
:25:SOGEFRPP/300030497000001115186
:28C:40195/1
:60F:C200713EUR438869,11
:61:2007130713DR764,81NDDTEXXX
X0
:86:900/00/XX0X0/XXXXXXXXXXXX XXXX XXXXXXXXXX000000000
/000000XXXXXXXX XXXXXXX
:62F:C200713EUR438104,30
:64:C200713EUR438104,30
-}{5:}
{1:F01XXXXXXXXXXXX0000000000}{2:O9400000000000BARCGB22XXXX00000000000000000000N}{3:}{4:
:20:20200713
:25:SOGEFRPP/300030497000001121374
:28C:40195/1
:60F:C200713EUR258241,99
:61:2007130713CR0,96NTRFEXXX
00
:86:900/00/XX000/XXXXXX XXXXXXXXX XXXXXXXXXX00000000XX
/00XXXXXXXXX XXXXXX
:62F:C200713EUR258242,95
:64:C200713EUR258242,95
-}{5:}
{1:F01XXXXXXXXXXXX0000000000}{2:O9400000000000BARCGB22XXXX00000000000000000000N}{3:}{4:
:20:20200713
:25:SOGEFRPP/300030497000801058733
:28C:40195/1
:60F:C200713GBP9637,17
:62F:C200713GBP9637,17
:64:C200713GBP9637,17
-}{5:}
